3242 5259
636 519 850 580 -21-v

147 681 267 753 verbis
285 690 354 753 sine
384 688 452 752 ulla
483 688 685 753 dubitatione
713 688 811 752 fldem
841 689 1014 767 haberent,
1044 695 1152 754 tamen
1181 688 1335 755 credibile

148 797 199 857 est
212 813 271 877 per
286 792 359 857 illos
374 792 530 886 homines,
553 794 579 856 si
595 813 659 856 non
675 793 791 871 omnia,
817 798 851 856 et
866 791 977 875 aliqua
993 792 1127 857 alterius
1144 801 1336 877 argumenta

147 896 189 960 ad
227 895 366 962 alterum
405 894 533 980 perlata
567 917 645 961 esse.
702 895 851 975 Accedit,
892 895 979 986 quod
1012 917 1075 961 non
1109 896 1205 962 modo
1238 898 1335 963 fando

146 1000 280 1080 audire,
309 1000 365 1065 sed
390 1000 487 1063 etiam
512 1020 552 1069 ea
575 999 753 1064 adversarii
775 999 886 1065 libello
911 1000 952 1063 ad
976 1000 1202 1083 magistratum
1226 1000 1334 1067 delato

146 1109 179 1169 et
207 1102 441 1169 Demosthenes
473 1108 506 1167 et
533 1102 725 1183 Aeschines,
761 1124 845 1193 quae
876 1103 939 1169 sibi
967 1106 1000 1171 in
1032 1126 1131 1171 causa
1162 1105 1335 1193 refutanda

139 1207 267 1287 vforent,
303 1208 435 1273 haurire
458 1212 644 1291 potuerunt.
690 1206 825 1273 Constat
845 1208 929 1273 enim
960 1229 999 1277 ox
1026 1210 1096 1275 iure
1122 1210 1228 1274 Attico
1261 1209 1334 1276 dica

145 1311 243 1376 alicui
265 1312 389 1396 scripta
401 1311 443 1376 ab
456 1311 619 1377 iudicibus
631 1310 715 1375 diem
729 1310 771 1375 ad
786 1311 1009 1377 instruendam
1020 1314 1111 1379 litem
1123 1314 1332 1379 constitutam

144 1436 224 1495 esse,
239 1436 305 1499 qua
319 1416 352 1480 in
368 1416 509 1481 anacrisi
524 1420 696 1480 accusator
712 1415 840 1499 quidem
858 1415 1005 1504 γραφὴν,
1027 1439 1103 1483 rous
1118 1414 1331 1504 ἀντιγραφὴν

142 1519 353 1585 iureiurando
378 1520 556 1592 firmarent.
602 1518 672 1583 liac
698 1525 807 1584 autom
835 1520 868 1584 in
898 1518 1095 1586 indicatione
1126 1521 1168 1586 ab
1191 1526 1331 1608 utraque
1432 1598 1435 1601 ¹
1517 1518 1519 1526 ’

143 1628 238 1707 parte
277 1645 348 1689 oum
377 1624 564 1690 testimonia
592 1622 790 1707 tabulaeque
820 1629 888 1689 tum
919 1625 1022 1708 leges,
1062 1625 1180 1710 quibus
1207 1647 1267 1710 pro
1298 1647 1332 1691 se

144 1725 282 1811 quisque
310 1728 493 1808 nitebatur,
524 1725 746 1793 afferebantur
777 1734 810 1792 et
838 1730 1043 1812 magistratui
1068 1729 1332 1813 tradebantur1),

141 1832 189 1896 ita
211 1837 249 1897 ut
270 1831 446 1897 Aeschines
467 1830 517 1896 vel
540 1832 573 1896 in
596 1831 753 1910 ansermi,
783 1852 881 1917 quam
905 1832 945 1897 ad
968 1832 1073 1917 legem
1097 1833 1332 1902 Demosthenes

142 1942 378 2019 provocaturus
416 1940 518 2015 esset,
557 1936 747 2022 neutiquam
783 1956 847 2000 non
885 1944 1124 2021 praenosceret.
1177 1937 1332 2004 Conscius

140 2040 242 2122 igitur
280 2045 542 2123 argumentorum
578 2045 612 2103 et
641 2060 766 2118 eorum,
803 2062 887 2123 quae
916 2040 1122 2121 adversarius
1148 2042 1182 2106 iu
1205 2041 1331 2107 iudicio

142 2142 270 2223 afferre,
293 2149 326 2208 et
348 2142 486 2222 illorum,
513 2164 596 2227 quae
615 2143 685 2227 ipse
709 2163 874 2227 opponere
889 2151 1008 2229 posset,
1034 2146 1208 2213 Aeschines
1222 2144 1327 2229 legem

139 2247 371 2333 Dionysiaoam
402 2247 490 2331 apud
512 2247 669 2312 heliastas
694 2267 753 2312 nec
776 2248 905 2313 silentio
933 2250 1142 2332 praeteriisse
1165 2250 1329 2334 putandus

140 2357 273 2417 estnec
296 2372 410 2418 revera
432 2351 611 2436 praeteriit.

225 2494 243 2576 ξ
266 2498 307 2555 4.Χ
329 2493 437 2570 Quare
459 2512 499 2555 ne
523 2512 562 2555 ea
584 2473 714 2576 quidem
738 2492 863 2556 ratione
887 2490 1012 2555 tollitur
1035 2491 1220 2572 difficultas,
1245 2514 1328 2576 quae

139 2596 223 2660 inest
250 2596 284 2659 in
315 2594 542 2660 Demosthenis
572 2594 821 2678 Ctesiphonteae
854 2596 890 2681 ἕξ
925 2600 985 2661 120
1017 2601 1050 2660 et
1076 2601 1145 2661 121.
1191 2596 1326 2679 Quoquo

139 2704 248 2763 autem
272 2720 331 2763 nos
355 2700 556 2777 verterimus,
579 2703 617 2763 ut
639 2700 779 2763 oratoris
800 2698 1093 2782 breviloquentiam
1114 2699 1328 2784 probabiliter

142 2802 350 2887 explicemus,
381 2824 445 2867 uon
470 2809 580 2868 tamen
603 2802 645 2867 ad
669 2803 767 2867 aliam
794 2804 1014 2869 coniecturam
1037 2803 1237 2869 adducemur
1266 2805 1329 2869 nisi

140 2906 183 2970 ad
214 2905 406 2972 alterutram
438 2906 568 2971 illarum
597 2928 618 2970 a
645 2905 849 2971 Kirchhofiio
886 2906 1027 2972 secundo
1065 2908 1228 2989 tertioque
1247 2907 1327 2973 'loco

138 3011 381 3093 propositarum
390 3010 427 3093 2).
472 3008 554 3073 Nam
578 3010 729 3093 quoniam
749 3032 788 3075 ex
811 3012 866 3090 eis,
895 3032 978 3092 quae
1002 3009 1109 3075 adhuc
1131 3009 1220 3075 dicta
1243 3016 1327 3088 sunt,

139 3115 219 3179 satis
256 3114 457 3196 intellegitur
493 3134 556 3177 non
593 3113 688 3177 modo
721 3113 948 3179 Demosthenis
980 3115 1094 3178 miram
1127 3113 1327 3181 defendendi

139 3220 298 3285 rationem
330 3218 372 3281 ab
402 3217 523 3282 actoris
553 3219 752 3299 argumentis
780 3220 877 3301 plane
908 3218 1100 3297 abhorrere,
1141 3218 1197 3283 sed
1228 3218 1327 3282 etiam

139 3321 307 3387 Aeschinis
330 3321 535 3386 adversarios
556 3321 692 3386 meliora
714 3321 815 3386 verba
836 3321 922 3405 apud
942 3321 1064 3387 iudices
1080 3321 1205 3402 fecisse,
1229 3344 1326 3404 quam

138 3446 222 3508 quae
244 3425 341 3490 hodie
362 3423 508 3508 legimus,
531 3431 636 3490 restat
649 3431 687 3489 ut
702 3446 907 3507 quaeramus,
928 3425 1161 3490 Demosthenes
1177 3426 1211 3489 in
1227 3446 1326 3491 causa

136 3536 246 3594 utrum
278 3528 454 3593 secundum
485 3529 682 3615 παράνομον
711 3527 807 3593 aliter
835 3529 1028 3594 tractaverit
1056 3551 1097 3593 an
1127 3534 1230 3594 totam
1253 3550 1325 3593 eam

134 3632 333 3696 'detensionis
355 3638 482 3715 partem
504 3632 707 3697 mandaverit
729 3632 940 3716 Ctesiphonti.

222 3735 442 3800 Kirchhoffius
465 3737 559 3816 enim,
584 3741 621 3801 ut
643 3757 742 3819 supra
762 3739 806 3821 (p.
832 3738 884 3820 18)
909 3738 1238 3815 commemoravimus,
1265 3738 1324 3802 De-

135 3841 337 3906 mosthenem
357 3840 390 3903 in
412 3840 532 3904 iudicio
563 3840 602 3905 de
631 3841 758 3905 coronis
780 3840 1003 3905 renuntiandis
1026 3861 1160 3923 prorsus
1183 3842 1323 3907 tacuisse

135 3950 238 4027 putat.
291 3943 349 4009 Cui
379 3943 510 4025 quidem
540 3965 730 4028 persuasum
762 3951 812 4008 est
841 3945 1020 4008 orationem
1050 3944 1322 4028 Ctesiphonteam,

136 4068 232 4130 quam
261 4048 294 4111 in
325 4046 474 4111 manibus
501 4048 673 4127 habenae,
710 4047 928 4113 Demosthene
964 4054 1092 4112 mortuo
1107 4034 1165 4113 ‘ab
1198 4048 1322 4113 editore

223 4275 247 4339 1)
268 4272 311 4327 of.
330 4290 370 4341 ea,
394 4289 464 4341 quae
488 4272 521 4325 de
538 4272 591 4326 hac
609 4290 638 4325 re
664 4271 803 4326 disserunt
820 4271 946 4341 Lipsius:
974 4271 1033 4325 Der
1060 4274 1176 4327 attische
1204 4271 1320 4327 Process

134 4357 212 4427 Hp.
232 4360 283 4411 865
301 4376 375 4427 sqq.;
399 4357 596 4411 Schoemann.:
615 4357 795 4413 Griechische
815 4357 1037 4413 Altertr'imorl⁴
1055 4377 1083 4428 p.
1102 4361 1152 4411 528
1171 4376 1210 4427 sq.

221 4444 249 4513 2)
268 4444 309 4499 Gt.
328 4462 411 4514 supra
428 4462 455 4513 p.
478 4446 517 4497 lo.
