3242 5259
780 497 996 600 hug„

379 702 470 787 Quod
493 714 570 772 tero
595 702 789 773 Sohaeierus
813 714 847 772 et
868 707 1022 773 Reichius
1045 699 1196 773 arbitrati
1221 697 1482 787 Demosthenem,

293 798 320 876 si
344 812 424 876 nihil
447 810 544 891 aliud,
576 812 726 877 Sirenum
749 813 1026 896 comparationem
1048 812 1082 875 in
1105 811 1231 876 edenda
1253 812 1484 896 Ctesiphontea

292 917 438 981 omisisse
478 914 574 982 fidem
614 915 710 980 huius
751 916 911 999 opinionis
951 902 1145 981 testimoniis
1179 915 1306 981 duobus
1340 917 1484 1000 antiquis

292 1020 405 1103 augeri
427 1024 553 1103 putant,
583 1019 733 1104 equidem
756 1018 851 1084 ualde
875 1019 999 1098 dubito,
1021 1042 1097 1086 num
1120 1019 1202 1084 haec
1225 1026 1418 1103 argumenta
1441 1021 1482 1085 ad

292 1124 525 1207 quaestionem,
548 1122 580 1187 in
605 1144 670 1206 qua
693 1142 877 1202 versamur,
906 1123 1042 1188 multum
1066 1123 1204 1187 valeant.
1249 1123 1333 1188 Nam
1355 1126 1483 1190 etiamsi

291 1227 485 1291 sententiam
501 1247 675 1310 sequemur
692 1228 858 1306 Demetrii,
881 1228 922 1291 ud
947 1245 1042 1309 quem
1059 1226 1254 1291 Schaeferus
1267 1227 1291 1311 ¹)
1315 1235 1482 1311 provocat,

292 1335 350 1396 aut
382 1331 500 1395 veteris
532 1330 619 1396 illius
653 1332 859 1415 interpretis,
895 1331 985 1395 cuius
1019 1331 1120 1396 verba
1153 1324 1250 1395 effert
1282 1331 1482 1417 lteichiusl),

289 1433 369 1499 nihil
393 1435 647 1500 concesserimus
662 1436 725 1501 nisi
747 1434 910 1499 nonnullis
930 1434 963 1498 in
986 1435 1189 1500 orationihus
1212 1435 1346 1500 edendis
1363 1435 1479 1501 Demo·

291 1538 438 1603 stheuem
476 1552 718 1621 supervacanea
748 1539 909 1623 quaedem
939 1538 1041 1603 rerba
1069 1539 1374 1624 praetermisisset).
1420 1540 1482 1605 Sed

290 1644 323 1707 iu
345 1642 418 1727 ipse
434 1641 664 1726 Ctesiphontee
684 1642 866 1726 evulganda
887 1642 1038 1709 defensor
1062 1643 1158 1708 aliter
1180 1643 1258 1709 fecit
1279 1649 1312 1709 et
1332 1645 1482 1709 restricte

293 1746 490 1825 observarit,
521 1751 557 1812 ut
588 1768 627 1811 ne
658 1747 824 1811 minimum
849 1746 979 1830 quidem
1003 1747 1137 1812 terbum
1160 1748 1194 1812 in
1216 1747 1337 1813 iudicio
1359 1747 1482 1813 factum

292 1849 466 1915 omitteret.
512 1853 559 1916 Ao
582 1850 649 1915 tale
672 1850 849 1933 quidquem
882 1851 980 1915 etiam
1009 1851 1154 1917 Blassius
1184 1853 1323 1917 sensisse
1355 1851 1483 1916 ridetur

293 1952 458 2038 diceneo:
502 1954 756 2035 „Demosthenes
797 1954 887 2021 hatte
927 1954 1063 2020 diesmal
1097 1955 1150 2020 rur
1183 1955 1235 2021 die
1269 1954 1482 2038 Herausgahe

292 2065 391 2123 etwas
428 2058 520 2124 mehr
549 2058 597 2123 als
627 2063 718 2123 sonet
745 2076 784 2123 cu
814 2064 892 2122 tun“
923 2057 1101 2142 eodemque
1131 2060 1280 2143 modo⁵):
1322 2059 1396 2139 „Sie
1423 2061 1482 2145 (sc.

292 2163 397 2227 oratio
428 2162 467 2227 de
498 2181 618 2228 corona
647 2161 775 2247 hahita)
804 2163 847 2227 ist
874 2163 1171 2228 ausserordentiioh
1194 2164 1483 2247 durohgearbeitet

292 2266 358 2331 und
386 2264 574 2349 ausgefeiit‚
602 2286 667 2331 was
698 2287 773 2332 man
800 2286 861 2331 von
885 2265 946 2331 den
970 2267 1092 2343 endern
1117 2266 1369 2360 Geriehtsredcn
1393 2268 1483 2331 nieht

293 2390 328 2435 so
345 2390 443 2453 sagon
454 2369 570 2434 kanu“.
609 2370 738 2454 Optimo
752 2375 862 2437 autem
874 2371 944 2435 iure
959 2370 1193 2437 Demosthenes
1204 2371 1290 2436 hanc
1302 2372 1481 2436 orationem

292 2479 360 2538 tam
395 2472 566 2557 diligenter
599 2473 688 2539 foras
720 2474 818 2539 dedit.
864 2473 947 2539 Nam
979 2474 1059 2540 satis
1094 2481 1239 2556 constat,
1273 2465 1405 2558 quentis
1442 2474 1482 2539 de

293 2577 390 2643 rebus
429 2577 596 2660 litigantes
628 2578 661 2642 in
695 2577 868 2643 discrimen
903 2578 1008 2643 vocati
1041 2578 1179 2658 fuerint,
1221 2586 1422 2662 quantopere
1454 2579 1482 2643 is

293 2680 447 2769 ῥητόρων
467 2678 560 2768 ἀγών
571 2680 597 2767 6)
622 2682 719 2747 etiem
736 2681 824 2747 ultra
838 2680 919 2747 fines
937 2684 1061 2747 Atticos
1077 2682 1324 2748 admirationem
1340 2684 1481 2747 omnium

292 2786 436 2850 moverit.
481 2784 549 2849 Nec
571 2785 705 2851 dubium
729 2791 809 2865 erat,
832 2786 909 2869 quin
932 2792 1005 2870 post
1028 2786 1182 2854 iudicium
1207 2808 1279 2851 cum
1302 2787 1341 2866 ei,
1365 2788 1420 2869 qui
1440 2786 1481 2851 sd

293 2910 435 2954 summos
464 2894 612 2954 oratores
644 2888 823 2955 audiendos
853 2895 1084 2969 convenerant.
1117 2911 1235 2956 causae
1263 2890 1350 2955 iliius
1374 2912 1480 2955 recor-

293 2993 423 3058 datione
440 2992 584 3058 fruentes
600 2994 755 3077 scriptam
771 2994 943 3077 utriusque
959 2994 1139 3059 adversarii
1155 2996 1335 3060 orationem
1352 2995 1482 3078 saepius

380 3203 404 3267 1)
423 3199 455 3254 u.
476 3218 500 3255 α.
519 3199 569 3253 111
584 3184 604 3253 'a
622 3219 648 3270 p.
668 3203 708 3255 ue.

377 3288 606 3356 Dhepss.
1430 3354 1433 3361 Ι

378 3376 405 3441 3)
434 3372 496 3442 Qua
519 3375 627 3428 ratione
654 3373 845 3427 Schmidtius:
881 3374 992 3443 Quaest.
1019 3375 1054 3428 de
1082 3372 1117 3429 D.
1145 3378 1174 3428 et
1197 3375 1233 3429 A.
1259 3391 1298 3429 or.
1323 3375 1357 3427 de
1383 3375 1400 3427 f.
1428 3374 1480 3443 leg.

292 3479 319 3530 p.
346 3463 379 3514 14
403 3478 462 3528 sqq.
491 3464 519 3513 et
550 3459 715 3515 Schaeferus
742 3461 760 3514 l.
785 3478 809 3513 c.
835 3459 930 3514 ΙΙΙ-2
957 3480 984 3531 p.
1009 3463 1043 3515 68
1068 3478 1127 3529 sqq.
1155 3462 1312 3513 orationum
1343 3461 1404 3528 περὶ
1433 3462 1482 3528 τῆς

293 3548 520 3617 παραπρεσβείας
545 3547 703 3601 habitarum
728 3547 804 3601 locos
824 3547 1014 3616 discrepantes
1035 3548 1183 3617 explicant
1219 3546 1278 3600 Nec
1298 3547 1481 3613 dubiumst,

293 3634 358 3701 quin
387 3634 439 3686 hac
464 3634 492 3686 in
516 3634 566 3686 lite
592 3632 797 3687 Demosthenes
824 3632 897 3703 apud
922 3633 1028 3687 iudices
1052 3633 1132 3702 plura
1150 3618 1240 3687 'verba
1265 3634 1372 3702 iecerit,
1400 3650 1481 3702 quam

295 3737 365 3788 quae
391 3719 474 3772 hodie
499 3720 625 3789 legimus.
660 3719 794 3773 Attamen
820 3738 854 3773 ne
880 3721 915 3773 ad
940 3720 989 3773 has
1014 3719 1125 3788 quidem
1155 3719 1331 3774 offensiones
1345 3720 1480 3774 tollendas

291 3806 433 3873 habemus,
460 3822 509 3859 eur
534 3804 754 3860 Demosthenem
784 3808 811 3860 in
839 3806 945 3861 edenda
973 3807 1096 3860 oratione
1120 3807 1206 3859 verba
1229 3807 1258 3859 in
1281 3802 1385 3860 iudicio
1407 3807 1482 3861 facta

293 3892 463 3945 contraxisse
481 3896 643 3946 statuamus.
673 3892 764 3963 Magis
783 3895 858 3947 enim
877 3893 979 3946 arridet
996 3892 1064 3945 mihi
1082 3893 1244 3947 coniectura
1262 3892 1362 3947 Blaesii
1380 3894 1481 3947 docen-

292 3980 327 4032 tis
348 3978 392 4045 (of.
411 3978 472 4032 Att.
492 3975 555 4031 Ber.
577 3977 627 4031 III
647 3982 677 4031 12
695 3997 722 4049 p.
742 3981 793 4033 363
811 3982 882 4048 sqq.)
911 3996 974 4033 eum
999 3980 1033 4032 ab
1057 3979 1153 4032 amicis
1173 3980 1322 4047 impulsum
1341 3996 1480 4033 commen-

292 4066 393 4118 tarium
419 4070 482 4118 ante
509 4081 620 4118 causam
646 4070 789 4119 exaratum
814 4067 923 4134 publici
947 4067 1014 4119 iuris
1040 4066 1139 4119 fecisse
1164 4083 1197 4119 eo
1222 4066 1314 4134 modu,
1340 4071 1372 4119 ut
1389 4068 1481 4119 omnia

293 4152 367 4220 apud
384 4151 515 4205 heliastas
533 4150 628 4203 addita
643 4152 671 4203 in
690 4156 852 4206 contextum
871 4169 927 4206 non
944 4153 1090 4221 reciperet,
1109 4153 1165 4205 sive
1178 4170 1279 4221 operae
1292 4170 1347 4205 non
1359 4154 1481 4222 pretium

292 4238 451 4305 arbitratus,
470 4238 527 4291 sive
547 4239 679 4307 angustiis
697 4240 832 4308 temporis
850 4239 1015 4308 prohibitus.

378 4327 406 4393 4)
425 4324 505 4378 Dem.
527 4341 565 4377 or.
585 4324 627 4378 ed.
646 4324 873 4380 Teuhn.'introd.
892 4344 918 4395 p.
939 4327 979 4379 ll.

377 4412 404 4479 ὁ)
424 4410 485 4466 Art.
503 4411 567 4465 Ber.
586 4410 636 4465 III
655 4413 687 4465 1¹
705 4431 732 4481 p.
751 4415 809 4466 436.

378 4498 405 4566 6)
426 4497 466 4552 of.
486 4496 567 4553 Dem.
587 4516 625 4552 or.
646 4497 662 4568 ξ
682 4500 741 4553 226.
