3242 5259
581 584 797 649 .;..63.·.u

180 756 243 823 Sed
268 752 390 821 Rabies
403 758 429 839 ¹)
456 755 591 822 eandem
619 757 703 819 viam
725 758 891 838 ingressus
913 756 1011 820 aliam
1034 753 1283 838 explicationem

92 862 254 945 proponit.
300 861 357 925 Cui
391 881 584 943 persuasum
614 864 664 924 est
694 858 896 926 defensorem
927 859 1190 942 Ctesiphonteam
1219 879 1283 922 non

93 966 155 1029 nisi
193 964 340 1029 adbibita
373 963 538 1029 Aeschinis
578 965 643 1028 iam
679 964 814 1047 vulgata
850 965 998 1028 oratione
1027 962 1115 1028 foras
1144 961 1282 1026 dedisse.

93 1069 140 1132 De
176 1068 323 1133 Sirenum
358 1073 467 1132 autem
501 1070 743 1151 comparatione
776 1068 900 1133 iudicat
932 1069 982 1132 vir
1013 1067 1145 1145 doctus,
1188 1067 1283 1145 „dass

93 1172 326 1237 Demosthenes
424 1172 516 1255 jenes
539 1172 613 1237 Bild
636 1172 811 1254 allerdings
833 1192 891 1235 vor
909 1169 1044 1236 Gericbt
1072 1170 1281 1252 gebrauchte,

94 1276 173 1341 a'ber
202 1281 314 1361 spitter
342 1274 592 1353 unterdriickte,
621 1292 676 1340 um
706 1274 765 1339 anf
788 1274 877 1340 diese
899 1275 1006 1339 Weiss
1028 1273 1087 1338 der
1107 1274 1283 1356 nachtriiga

93 1380 209 1459 lichen,
239 1378 534 1445 ausserordentlicb
559 1378 751 1444 beissenden
774 1381 921 1445 Antuort
944 1378 1000 1442 des
1023 1376 1208 1456 Aeschines,
1231 1377 1284 1441 die

93 1484 183 1549 nicht
221 1490 280 1567 gut
312 1482 493 1548 iiberboten
525 1482 654 1548 werden
685 1483 821 1562 konnte,
861 1484 1058 1565 wenigstens
1091 1481 1144 1545 die
1176 1482 1285 1564 Spitze

93 1585 347 1652 abzubrechen“.
394 1586 457 1653 Sed
488 1588 586 1652 etiam
613 1591 694 1653 baec
723 1583 886 1653 sententia
908 1585 986 1651 mihi
1009 1608 1029 1650 a
1050 1583 1285 1669 probabilitate

96 1712 194 1774 quam
217 1691 357 1755 maxime
380 1689 557 1757 abhorrere
579 1691 715 1757 videtur.
762 1691 920 1775 Equidem
943 1691 1026 1755 enim
1042 1712 1119 1755 num
1134 1687 1285 1753 defensor

93 1795 274 1859 orationem
296 1796 329 1858 in
352 1794 457 1860 lucem
481 1794 579 1861 edens
594 1801 809 1861 retractatam
829 1795 1069 1859 accusationem
1085 1796 1150 1858 iam
1166 1813 1283 1875 cogno-

93 1900 185 1978 verit,
214 1897 308 1963 valde
331 1897 445 1964 dubito
467 1898 564 1983 idque
588 1904 773 1983 propterea,
803 1898 891 1984 qnod
914 1919 1029 1963 censeo
1048 1919 1130 1975 eum,
1161 1897 1189 1961 si
1210 1917 1283 1960 ora·

92 2004 213 2066 tionem
236 2001 449 2067 Aeschineam
478 2008 552 2067 ante
582 2003 692 2068 oculos
721 2002 907 2079 habuisset,
940 2002 1051 2068 multis
1081 2001 1161 2065 locis
1187 1998 1282 2088 modo

92 2107 295 2171 omittentem
319 2105 413 2170 modo
435 2106 628 2172 adicientem
653 2107 694 2171 ad
716 2106 896 2172 adversarii
910 2104 1011 2169 verba
1025 2110 1141 2188 postea
1156 2107 1284 2169 mutata

93 2230 323 2292 responsurum
355 2207 464 2274 fuisse.
510 2210 573 2277 Sed
604 2212 732 2275 etiamsi
762 2210 995 2276 concederetur
1022 2207 1283 2283 Demosthenem,

93 2318 268 2395 antequam
302 2312 521 2379 defensionem
550 2314 670 2380 litteris
701 2313 920 2392 mandaverit,
957 2317 1158 2378 retractatae
1188 2332 1283 2375 accu-

93 2418 228 2481 sationis
244 2416 470 2502 paragrapbos
487 2422 550 2483 228
566 2423 600 2482 et
617 2423 679 2485 229
696 2418 822 2501 legisse,
837 2424 947 2482 tamen
963 2418 1016 2481 vix
1028 2416 1283 2497 intellegeretur,

93 2542 151 2584 cur
183 2522 458 2605 comparationem
489 2521 578 2587 illam
601 2522 821 2605 suppressisse
844 2520 1037 2586 statuendus
1059 2526 1154 2585 esset.
1200 2518 1283 2599 Nam

92 2623 179 2707 quod
203 2624 245 2688 ad
260 2623 356 2689 Rabii
379 2625 419 2689 de
442 2628 563 2691 actoris
586 2627 794 2710 responsione
817 2625 1012 2690 sententiam
1033 2625 1160 2701 attinet,
1183 2637 1284 2707 supra

92 2730 136 2811 (p.
173 2733 213 2793 39
237 2730 321 2813 sqq.)
354 2728 388 2793 id
423 2731 529 2813 ipsum
562 2730 700 2795 vidimus
731 2728 900 2795 Aeschinis
932 2727 1033 2792 verba
1065 2733 1133 2792 tam
1174 2728 1282 2809 inepte

92 2832 181 2896 dicta
210 2852 298 2910 esse,
329 2839 366 2898 ut
394 2834 524 2899 minime
552 2835 757 2913 ‚,m0rdacia“
788 2834 898 2898 vocari
928 2833 1060 2916 possint.
1106 2830 1170 2896 Cur
1198 2830 1282 2895 eninr

94 2933 268 3000 Aeschines
304 2938 579 3019 comparationem
619 2936 660 3002 ab
699 2938 887 3002 adversario
924 2936 1070 3001 auditam
1099 2954 1162 2998 non
1191 2954 1284 2998 suam

93 3037 195 3102 facit?
240 3038 304 3103 Cur
333 3061 397 3104 non
427 3040 496 3123 ipse
515 3040 742 3107 Demosthenis
775 3061 886 3106 vocem
915 3062 987 3104 cum
1007 3038 1156 3104 Sirenum
1186 3042 1283 3101 cantu

93 3143 285 3225 comparat?
330 3143 438 3220 Quare
468 3143 598 3209 dubitat
621 3144 799 3210 defensoris
822 3143 922 3208 verba
944 3164 1008 3207 non
1031 3141 1135 3207 solum
1159 3162 1283 3219 cavere,

93 3246 148 3310 sed
178 3247 290 3323 etiam,
321 3246 354 3310 id
384 3247 471 3331 quod
500 3249 533 3312 iu
564 3248 711 3331 exemplo
744 3269 760 3311 a
792 3248 919 3336 medico
951 3246 1048 3311 ducto
1078 3248 1109 3330 (ξ
1135 3249 1196 3309 225
1221 3246 1283 3327 sq.)

93 3351 214 3434 optime
237 3350 332 3428 fecit,
363 3351 395 3414 in
419 3357 585 3417 auctorem
608 3352 785 3417 adhibere?
831 3349 1018 3416 Cuiusmodi
1041 3350 1283 3435 responsionem

92 3451 208 3517 revera
228 3452 413 3519 mordacem
437 3453 581 3520 futuram
605 3454 705 3521 fuisse
724 3476 764 3520 ex
787 3456 833 3519 eis
854 3456 1061 3538 perspicitur,
1085 3474 1168 3536 quae
1192 3459 1284 3516 actor

92 3558 125 3621 in
155 3558 173 3642 ᾗ
196 3562 258 3622 226
287 3555 388 3622 obicit
411 3558 620 3624 Demostheni
643 3560 868 3643 interroganti,
892 3559 964 3643 quis
987 3560 1030 3624 sit
1051 3557 1106 3622 ille
1129 3556 1283 3633 medicus,

92 3662 146 3742 qui
179 3661 362 3743 aegrotanti
395 3661 475 3725 nihil
504 3661 560 3728 det
590 3662 732 3741 consilii,
765 3684 802 3728 eo
832 3660 984 3727 defuncto
1011 3667 1134 3738 autem,
1165 3660 1283 3743 quibus

91 3762 274 3829 rationibus
290 3765 463 3830 sanitatem
479 3786 676 3849 recuperare
691 3766 861 3850 potuisset,
878 3772 1027 3849 exponat.
1068 3762 1283 3830 Acerbissime

93 3869 177 3931 enim
201 3867 377 3933 Aeschines
404 3869 579 3951 respondet
602 3891 636 3935 se
658 3891 734 3934 rare
757 3869 897 3953 quidem,
928 3890 1013 3952 quae
1033 3870 1178 3945 sentiret,
1208 3868 1284 3931 civi·

91 3972 154 4035 tati
189 3970 327 4035 suadere
361 3973 522 4054 potuisse,
557 3973 613 4037 sed
648 3992 710 4038 non
745 3975 806 4038 nisi
835 3995 894 4057 per
923 3974 1025 4055 ipsius
1058 3970 1283 4035 Demosthenis

92 4074 272 4138 calumnias
302 4094 451 4138 arerum
476 4075 680 4158 publicarum
703 4076 984 4141 administratione
1010 4074 1181 4157 depulsum
1204 4095 1284 4151 esse,

93 4198 270 4260 quaerens:
301 4182 351 4258 τίς
381 4176 424 4245 ἂν
456 4182 506 4267 εἴη
537 4178 735 4267 δημαγωγὸς
764 4189 917 4260 τοιοῦτος
940 4177 1029 4260 ὅστις
1146 4178 1224 4258 τοὺς
1246 4165 1285 4245 εὖ

94 4290 309 4367 φρονοῦντας
332 4282 455 4350 κωλύοι
486 4282 675 4369 διαβάλλων
698 4281 951 4370 συμβουλεύειν,
974 4336 1029 4350 ...
1054 4278 1187 4368 ἀγαθὸν
1208 4276 1283 4369 μηδ’
