3242 5259
205 1486 444 1603 Δημοσθένης
466 1516 712 1603 Δημοσθένους
732 1516 914 1596 Παιανιεὺς
935 1514 1005 1596 ‚nott
1031 1515 1132 1587 εἶπεν.
1154 1520 1309 1599 -Quae

117 1621 233 1701 verba,
263 1642 283 1684 a
306 1620 424 1704 quibus
446 1620 558 1704 populi
589 1620 672 1685 scita
694 1619 913 1685 Demosthene
944 1626 1079 1687 auctore
1100 1622 1190 1687 tacta
1212 1622 1309 1688 duce·
1340 1629 1345 1641 '

117 1725 247 1803 bantur,
283 1724 453 1808 Philippus
491 1744 549 1789 rex
584 1722 724 1789 irridens
760 1724 793 1788 in
831 1724 955 1809 campis
982 1725 1047 1790 illis
1079 1726 1308 1810 pronuntiasse

117 1828 245 1907 dicitur,
268 1826 325 1891 ubi
348 1848 432 1893 anno
456 1832 518 1893 338
536 1848 564 1891 a.
580 1826 654 1892 (ihr.
669 1848 701 1891 n.
725 1847 777 1891 res
799 1828 886 1891 inter
902 1827 1047 1894 Graecos
1066 1833 1099 1893 et
1114 1828 1308 1898 Macedones

117 1932 159 1997 ad
188 1931 337 1998 ultimum
376 1930 594 1997 dimicationis
623 1936 788 1996 venerant.
844 1933 951 2015 Atque
986 1931 1105 1997 habuit
1130 1931 1308 2017 Philippus,

118 2057 176 2100 cur
197 2040 273 2120 post
293 2056 363 2101 rem
393 2034 435 2099 ad
459 2034 679 2100 Chaeroneam
710 2034 793 2101 bene
816 2041 941 2119 gestam
969 2036 1107 2102 victoria
1129 2036 1310 2104 exsultaret

116 2145 287 2225 reportata
299 2138 341 2203 ab
355 2138 553 2218 adversario,
568 2138 624 2221 qui
637 2137 723 2203 cives
735 2138 776 2203 ad
786 2138 977 2204 servandam
986 2139 1114 2223 patriae
1122 2138 1308 2211 libertatem

116 2236 285 2322 adhortari
324 2261 388 2306 non
424 2240 582 2307 desiisset.
635 2242 871 2307 Demosthenes
901 2263 977 2307 vero
1014 2262 1212 2327 quamquam
1244 2264 1308 2315 non

116 2346 210 2412 modo
239 2367 347 2411 rerum
379 2344 535 2411 adversus
564 2344 749 2430 Philippum
779 2351 959 2430 gestarum,
993 2346 1050 2411 sed
1078 2348 1177 2412 etiam
1206 2347 1308 2412 eladis

114 2450 211 2529 illius,
230 2456 384 2533 acceptae
416 2450 568 2533 princeps
587 2455 713 2541 auctor
742 2449 784 2514 ab
815 2450 955 2517 inimicis
977 2450 1166 2530 vocabatur,
1198 2456 1309 2527 tamen

115 2554 294 2619 etiamtunc
326 2573 452 2617 summa
480 2553 567 2637 apud
599 2574 710 2619 omnes
740 2552 809 2618 fere
832 2552 1046 2620 Athenienses
1069 2555 1176 2637 gratia
1197 2554 1310 2623 floruit
1356 2544 1360 2554 “

116 2656 309 2740 cotidieque,
325 2662 362 2721 ut
377 2657 448 2740 ipse
464 2655 589 2740 dicit1),
608 2656 642 2721 in
656 2656 813 2722 iudicium
831 2656 993 2723 adductus
1007 2678 1049 2723 ne
1064 2679 1162 2723 unam
1177 2659 1307 2743 quidem

118 2782 250 2825 causam
272 2760 389 2825 amisit.

201 2882 344 2961 Quarum
361 2900 534 2945 causarum
549 2882 740 2964 gravissima
757 2886 830 2946 erat
836 2881 877 2946 lis
884 2880 927 2947 ah
936 2882 1095 2948 Aeschine
1104 2882 1309 2967 ctesiphonti

112 2987 248 3064 intenta,
272 2984 327 3067 qui
351 3004 435 3048 anno
460 2983 508 3048 Ol.
532 2984 587 3049 CX
612 2991 641 3064 4,
663 2985 684 3048 i.
703 3005 739 3064 e,
764 2986 791 3051 si
816 2990 930 3050 nostra
951 2986 1074 3052 utimur
1097 2986 1308 3071 computandi

113 3089 250 3167 ratione,
281 3107 366 3152 anno
391 3091 452 3152 336
477 3107 505 3151 a.
529 3086 604 3153 chr.
627 3109 657 3152 n.
686 3088 887 3171 rogationem
920 3087 962 3153 ad
983 3094 1131 3155 senatum
1156 3089 1240 3169 tulit,
1271 3095 1308 3155 ut
1391 3121 1393 3126 >

113 3191 349 3258 Demosthenes
381 3195 516 3275 propter
545 3192 697 3256 virtutem
726 3190 1067 3275 benevolentiamque,
1101 3214 1199 3277 quam
1228 3214 1307 3277 erga

112 3296 268 3380 populum
286 3292 515 3360 Atheniensem
536 3294 683 3374 haberet,
708 3314 829 3359 corona
851 3316 951 3361 aurea
975 3295 1154 3362 donaretur
1172 3297 1307 3381 eiusque

113 3400 297 3465 donationis
330 3399 530 3463 renuntiatio
562 3400 688 3483 magnis
721 3418 806 3481 quae
844 3398 956 3465 dicunt
989 3401 1153 3485 Dionysiis
1184 3401 1306 3485 populo

113 3508 290 3568 convocato
320 3503 354 3567 in
384 3502 515 3567 theatro
543 3501 645 3567 fieret.
691 3502 755 3567 Sed
785 3502 975 3587 priusquam
1005 3504 1242 3591 προβούλευμα
1263 3504 1305 3569 ad

111 3605 266 3690 populum
289 3605 441 3684 ferretur,
469 3605 644 3671 Aeschines
668 3605 912 3690 Ctesiphontem
935 3607 968 3671 in
990 3606 1147 3672 iudicium
1168 3608 1306 3687 vocavit,

112 3710 199 3793 quod
216 3714 331 3774 contra
346 3708 436 3793 leges
451 3714 617 3791 rogasset:
633 3709 773 3793 primum
790 3709 874 3775 enim
890 3709 930 3775 de
946 3710 1173 3776 Demosthenis
1185 3712 1306 3777 virtute

111 3820 145 3879 et
157 3811 479 3878 benevolentiafalsa
491 3833 564 3877 eum
579 3813 757 3898 scripsisse,
777 3814 894 3880 deinde
914 3819 990 3879 ante
1002 3815 1146 3882 rationes
1158 3813 1306 3880 redditas

109 3917 199 3984 illum
225 3916 445 3982 coronandum
469 3916 650 3995 censuisse,
682 3916 822 4001 denique
851 3917 991 3983 voluisse
1011 3918 1216 3984 donationem
1241 3939 1305 3983 non

108 4023 141 4085 in
156 4021 317 4097 contione,
329 4019 386 4085 sed
399 4021 431 4085 in
445 4019 575 4083 theatro
587 4021 777 4085 renuntiari.
808 4021 933 4087 Libello
945 4021 1047 4104 igitur
1058 4021 1101 4086 ad
1114 4021 1303 4087 archontem

109 4112 219 4188 del‘ato
241 4124 281 4187 lis
302 4123 375 4207 ipsa
397 4124 557 4188 instructa
573 4128 653 4187 erat.
689 4123 825 4189 Constat
843 4131 952 4190 autem
968 4146 1036 4190 rem
1053 4146 1113 4209 per
1129 4146 1187 4190 sex
1201 4145 1304 4191 annos

26 4234 28 4239 '
109 4227 245 4293 dilatam
276 4227 374 4291 tertio
405 4227 533 4292 demum
558 4247 643 4290 anno
666 4226 867 4317 Olympiadis
889 4228 975 4297 CXII
997 4229 1017 4301 i.
1040 4250 1067 4298 e.
1090 4233 1153 4295 330
1176 4249 1204 4293 a.
1229 4228 1302 4297 Chr.

198 4468 223 4539 1)
241 4467 282 4522 of.
302 4485 341 4522 or.
362 4467 435 4522 Otes.
454 4467 470 4538 ξ
488 4470 547 4522 249.
