<?xml version="1.0" encoding="UTF-8"?>
<!DOCTYPE html PUBLIC "-//W3C//DTD XHTML 1.0 Transitional//EN"
    "http://www.w3.org/TR/xhtml1/DTD/xhtml1-transitional.dtd">
<html xmlns="http://www.w3.org/1999/xhtml" xml:lang="en" lang="en">
 <head>
  <title>
</title>
<meta http-equiv="Content-Type" content="text/html;charset=utf-8" />
  <meta name='ocr-system' content='tesseract 3.04.00' />
  <meta name='ocr-capabilities' content='ocr_page ocr_carea ocr_par ocr_line ocrx_word'/>
</head>
<body>
  <div class='ocr_page' id='page_1' title='image "./qvomododemosthe00huebgoog_0075.png"; bbox 0 0 3242 5259; ppageno 0'>
   <div class='ocr_carea' id='block_1_1' title="bbox 625 596 838 656">
    <p class='ocr_par' dir='ltr' id='par_1_1' title="bbox 625 596 838 656">
     <span class='ocr_line' id='line_1_1' title="bbox 625 596 838 656; baseline -0.009 -17"><span class='ocrx_word' id='word_1_1' title='bbox 625 596 838 656; x_wconf 72' lang='lat' dir='ltr'>..ss-1..</span> 
     </span>
    </p>
   </div>
   <div class='ocr_carea' id='block_1_2' title="bbox 132 761 1408 4050">
    <p class='ocr_par' dir='ltr' id='par_1_2' title="bbox 132 761 1384 2603">
     <span class='ocr_line' id='line_1_2' title="bbox 134 761 1328 844; baseline -0.003 -15"><span class='ocrx_word' id='word_1_2' title='bbox 134 765 334 829; x_wconf 85' lang='lat' dir='ltr'>asseveravit</span> <span class='ocrx_word' id='word_1_3' title='bbox 353 763 544 829; x_wconf 77' lang='lat' dir='ltr'><strong>Aeschinem</strong></span> <span class='ocrx_word' id='word_1_4' title='bbox 576 764 675 827; x_wconf 87' lang='lat' dir='ltr'>verba</span> <span class='ocrx_word' id='word_1_5' title='bbox 704 762 878 828; x_wconf 77' lang='lat' dir='ltr'>facientem</span> <span class='ocrx_word' id='word_1_6' title='bbox 909 761 988 828; x_wconf 91' lang='lat' dir='ltr'>nihil</span> <span class='ocrx_word' id='word_1_7' title='bbox 1018 762 1105 827; x_wconf 88' lang='lat' dir='ltr'>aliud</span> <span class='ocrx_word' id='word_1_8' title='bbox 1140 784 1236 844; x_wconf 83' lang='lat' dir='ltr'>agere</span> <span class='ocrx_word' id='word_1_9' title='bbox 1266 764 1328 827; x_wconf 90' lang='lat' dir='ltr'>nisi</span> 
     </span>
     <span class='ocr_line' id='line_1_3' title="bbox 135 866 1329 949; baseline -0.004 -16"><span class='ocrx_word' id='word_1_10' title='bbox 135 866 344 933; x_wconf 80' lang='lat' dir='ltr'>audientibus</span> <span class='ocrx_word' id='word_1_11' title='bbox 367 868 542 949; x_wconf 90' lang='lat' dir='ltr'>perniciem</span> <span class='ocrx_word' id='word_1_12' title='bbox 565 868 680 931; x_wconf 89' lang='lat' dir='ltr'>moliri.</span> <span class='ocrx_word' id='word_1_13' title='bbox 726 867 788 945; x_wconf 86' lang='lat' dir='ltr'>„Et</span> <span class='ocrx_word' id='word_1_14' title='bbox 809 887 882 930; x_wconf 87' lang='lat' dir='ltr'>cum</span> <span class='ocrx_word' id='word_1_15' title='bbox 904 868 951 930; x_wconf 88' lang='lat' dir='ltr'>ita</span> <span class='ocrx_word' id='word_1_16' title='bbox 973 872 1006 929; x_wconf 91' lang='lat' dir='ltr'>te</span> <span class='ocrx_word' id='word_1_17' title='bbox 1027 875 1151 948; x_wconf 78' lang='lat' dir='ltr'>geras“,</span> <span class='ocrx_word' id='word_1_18' title='bbox 1182 867 1329 948; x_wconf 85' lang='lat' dir='ltr'>perrexit</span> 
     </span>
     <span class='ocr_line' id='line_1_4' title="bbox 134 954 1384 1055; baseline -0.003 -19"><span class='ocrx_word' id='word_1_19' title='bbox 134 972 249 1036; x_wconf 87' lang='lat' dir='ltr'>eadem</span> <span class='ocrx_word' id='word_1_20' title='bbox 280 954 416 1046; x_wconf 87' lang='lat' dir='ltr'>ratione,</span> <span class='ocrx_word' id='word_1_21' title='bbox 446 991 509 1053; x_wconf 92' lang='lat' dir='ltr'>qna</span> <span class='ocrx_word' id='word_1_22' title='bbox 541 969 636 1033; x_wconf 91' lang='lat' dir='ltr'>hodie</span> <span class='ocrx_word' id='word_1_23' title='bbox 666 971 802 1053; x_wconf 79' lang='lat' dir='ltr'>legimns</span> <span class='ocrx_word' id='word_1_24' title='bbox 834 971 866 1033; x_wconf 94' lang='lat' dir='ltr'>in</span> <span class='ocrx_word' id='word_1_25' title='bbox 896 972 914 1055; x_wconf 61' lang='grc' dir='ltr'><strong>ξ</strong></span> <span class='ocrx_word' id='word_1_26' title='bbox 945 975 1014 1048; x_wconf 94' lang='lat' dir='ltr'>l22,</span> <span class='ocrx_word' id='word_1_27' title='bbox 1045 991 1214 1047; x_wconf 76' lang='lat' dir='ltr'>„recenses</span> <span class='ocrx_word' id='word_1_28' title='bbox 1243 990 1328 1051; x_wconf 88' lang='lat' dir='ltr'>quae</span> <span class='ocrx_word' id='word_1_29' title='bbox 1380 970 1384 976; x_wconf 86' lang='grc'><strong><em>’</em></strong></span> 
     </span>
     <span class='ocr_line' id='line_1_5' title="bbox 135 1072 1327 1165; baseline -0.005 -25"><span class='ocrx_word' id='word_1_30' title='bbox 135 1079 242 1165; x_wconf 81' lang='lat' dir='ltr'>inesse</span> <span class='ocrx_word' id='word_1_31' title='bbox 265 1072 406 1138; x_wconf 87' lang='lat' dir='ltr'>debeant</span> <span class='ocrx_word' id='word_1_32' title='bbox 423 1082 475 1163; x_wconf 78' lang='grc' dir='ltr'>τῷ</span> <span class='ocrx_word' id='word_1_33' title='bbox 498 1078 676 1162; x_wconf 80' lang='grc' dir='ltr'><em>δημοτικῷ,</em></span> <span class='ocrx_word' id='word_1_34' title='bbox 699 1080 867 1155; x_wconf 87' lang='lat' dir='ltr'>tamquam</span> <span class='ocrx_word' id='word_1_35' title='bbox 890 1094 907 1137; x_wconf 93' lang='lat' dir='ltr'>e</span> <span class='ocrx_word' id='word_1_36' title='bbox 929 1073 1036 1138; x_wconf 89' lang='lat' dir='ltr'>verbis</span> <span class='ocrx_word' id='word_1_37' title='bbox 1060 1080 1093 1137; x_wconf 85' lang='lat' dir='ltr'>et</span> <span class='ocrx_word' id='word_1_38' title='bbox 1115 1094 1179 1136; x_wconf 93' lang='lat' dir='ltr'>non</span> <span class='ocrx_word' id='word_1_39' title='bbox 1199 1072 1327 1137; x_wconf 81' lang='lat' dir='ltr'>electis</span> 
     </span>
     <span class='ocr_line' id='line_1_6' title="bbox 137 1175 1329 1260; baseline -0.003 -17"><span class='ocrx_word' id='word_1_40' title='bbox 137 1201 176 1243; x_wconf 87' lang='lat' dir='ltr'>ac</span> <span class='ocrx_word' id='word_1_41' title='bbox 206 1177 304 1242; x_wconf 89' lang='lat' dir='ltr'>rebus</span> <span class='ocrx_word' id='word_1_42' title='bbox 332 1178 433 1259; x_wconf 87' lang='lat' dir='ltr'>gestis</span> <span class='ocrx_word' id='word_1_43' title='bbox 455 1175 600 1241; x_wconf 89' lang='lat' dir='ltr'>homines</span> <span class='ocrx_word' id='word_1_44' title='bbox 624 1175 799 1260; x_wconf 82' lang='lat' dir='ltr'>populares</span> <span class='ocrx_word' id='word_1_45' title='bbox 824 1182 1091 1259; x_wconf 82' lang='lat' dir='ltr'>cognoscantur“.</span> <span class='ocrx_word' id='word_1_46' title='bbox 1136 1177 1207 1241; x_wconf 90' lang='lat' dir='ltr'>Hoc</span> <span class='ocrx_word' id='word_1_47' title='bbox 1227 1178 1329 1258; x_wconf 84' lang='lat' dir='ltr'>igitur</span> 
     </span>
     <span class='ocr_line' id='line_1_7' title="bbox 136 1278 1328 1363; baseline -0.004 -17"><span class='ocrx_word' id='word_1_48' title='bbox 136 1283 207 1347; x_wconf 91' lang='lat' dir='ltr'>loco</span> <span class='ocrx_word' id='word_1_49' title='bbox 238 1302 276 1345; x_wconf 89' lang='lat' dir='ltr'>ea</span> <span class='ocrx_word' id='word_1_50' title='bbox 299 1280 444 1346; x_wconf 86' lang='lat' dir='ltr'>Sirenum</span> <span class='ocrx_word' id='word_1_51' title='bbox 478 1281 679 1363; x_wconf 82' lang='lat' dir='ltr'>comparatio</span> <span class='ocrx_word' id='word_1_52' title='bbox 710 1278 860 1343; x_wconf 87' lang='lat' dir='ltr'>adhibita</span> <span class='ocrx_word' id='word_1_53' title='bbox 881 1287 946 1358; x_wconf 88' lang='lat' dir='ltr'>est,</span> <span class='ocrx_word' id='word_1_54' title='bbox 975 1301 1073 1363; x_wconf 89' lang='lat' dir='ltr'>quam</span> <span class='ocrx_word' id='word_1_55' title='bbox 1098 1281 1272 1344; x_wconf 87' lang='lat' dir='ltr'>Aeschines</span> <span class='ocrx_word' id='word_1_56' title='bbox 1294 1282 1328 1344; x_wconf 92' lang='lat' dir='ltr'>in</span> 
     </span>
     <span class='ocr_line' id='line_1_8' title="bbox 135 1382 1328 1467; baseline -0.003 -17"><span class='ocrx_word' id='word_1_57' title='bbox 135 1383 367 1450; x_wconf 71' lang='lat' dir='ltr'>retractandae</span> <span class='ocrx_word' id='word_1_58' title='bbox 389 1383 545 1447; x_wconf 88' lang='lat' dir='ltr'>orationis</span> <span class='ocrx_word' id='word_1_59' title='bbox 568 1384 604 1467; x_wconf 55' lang='grc' dir='ltr'>ἐξ</span> <span class='ocrx_word' id='word_1_60' title='bbox 628 1388 690 1448; x_wconf 87' lang='grc'>228</span> <span class='ocrx_word' id='word_1_61' title='bbox 707 1387 740 1447; x_wconf 90' lang='lat' dir='ltr'>et</span> <span class='ocrx_word' id='word_1_62' title='bbox 755 1388 818 1447; x_wconf 88' lang='grc'>229</span> <span class='ocrx_word' id='word_1_63' title='bbox 834 1384 987 1466; x_wconf 84' lang='lat' dir='ltr'>respexit.</span> <span class='ocrx_word' id='word_1_64' title='bbox 1032 1384 1079 1447; x_wconf 80' lang='lat' dir='ltr'>Ao</span> <span class='ocrx_word' id='word_1_65' title='bbox 1094 1382 1328 1448; x_wconf 89' lang='lat' dir='ltr'>Demosthenes</span> 
     </span>
     <span class='ocr_line' id='line_1_9' title="bbox 137 1486 1329 1570; baseline -0.003 -17"><span class='ocrx_word' id='word_1_66' title='bbox 137 1511 209 1553; x_wconf 93' lang='lat' dir='ltr'>oum</span> <span class='ocrx_word' id='word_1_67' title='bbox 233 1486 451 1551; x_wconf 86' lang='lat' dir='ltr'>defensionem</span> <span class='ocrx_word' id='word_1_68' title='bbox 475 1486 651 1567; x_wconf 84' lang='lat' dir='ltr'>evulgaret,</span> <span class='ocrx_word' id='word_1_69' title='bbox 681 1487 780 1550; x_wconf 88' lang='lat' dir='ltr'>etiam</span> <span class='ocrx_word' id='word_1_70' title='bbox 801 1486 887 1550; x_wconf 89' lang='lat' dir='ltr'>hanc</span> <span class='ocrx_word' id='word_1_71' title='bbox 910 1488 1062 1551; x_wconf 90' lang='lat' dir='ltr'>nimirum</span> <span class='ocrx_word' id='word_1_72' title='bbox 1085 1488 1329 1570; x_wconf 88' lang='lat' dir='ltr'>responsionem</span> 
     </span>
     <span class='ocr_line' id='line_1_10' title="bbox 136 1589 1329 1673; baseline -0.003 -17"><span class='ocrx_word' id='word_1_73' title='bbox 136 1594 170 1656; x_wconf 92' lang='lat' dir='ltr'>in</span> <span class='ocrx_word' id='word_1_74' title='bbox 196 1611 294 1655; x_wconf 87' lang='lat' dir='ltr'>causa</span> <span class='ocrx_word' id='word_1_75' title='bbox 318 1590 480 1653; x_wconf 89' lang='lat' dir='ltr'>redditam</span> <span class='ocrx_word' id='word_1_76' title='bbox 503 1591 619 1654; x_wconf 87' lang='lat' dir='ltr'>emisit.</span> <span class='ocrx_word' id='word_1_77' title='bbox 665 1589 729 1655; x_wconf 83' lang='lat' dir='ltr'>Sed</span> <span class='ocrx_word' id='word_1_78' title='bbox 751 1595 826 1673; x_wconf 91' lang='lat' dir='ltr'>post</span> <span class='ocrx_word' id='word_1_79' title='bbox 846 1590 915 1654; x_wconf 90' lang='lat' dir='ltr'>eius</span> <span class='ocrx_word' id='word_1_80' title='bbox 937 1596 1073 1654; x_wconf 86' lang='lat' dir='ltr'>mortem</span> <span class='ocrx_word' id='word_1_81' title='bbox 1097 1592 1329 1655; x_wconf 88' lang='lat' dir='ltr'>commentario</span> 
     </span>
     <span class='ocr_line' id='line_1_11' title="bbox 133 1692 1329 1777; baseline -0.003 -18"><span class='ocrx_word' id='word_1_82' title='bbox 133 1714 267 1777; x_wconf 88' lang='lat' dir='ltr'>quoque</span> <span class='ocrx_word' id='word_1_83' title='bbox 298 1692 421 1776; x_wconf 89' lang='lat' dir='ltr'>publici</span> <span class='ocrx_word' id='word_1_84' title='bbox 449 1694 529 1758; x_wconf 92' lang='lat' dir='ltr'>iuris</span> <span class='ocrx_word' id='word_1_85' title='bbox 558 1692 647 1758; x_wconf 88' lang='lat' dir='ltr'>facto</span> <span class='ocrx_word' id='word_1_86' title='bbox 675 1694 708 1757; x_wconf 90' lang='lat' dir='ltr'>in</span> <span class='ocrx_word' id='word_1_87' title='bbox 731 1692 851 1758; x_wconf 88' lang='lat' dir='ltr'>scholis</span> <span class='ocrx_word' id='word_1_88' title='bbox 874 1694 1161 1775; x_wconf 85' lang='lat' dir='ltr'>grammaticorum</span> <span class='ocrx_word' id='word_1_89' title='bbox 1183 1701 1329 1758; x_wconf 84' lang='lat' dir='ltr'>veterum</span> 
     </span>
     <span class='ocr_line' id='line_1_12' title="bbox 136 1795 1329 1885; baseline -0.002 -23"><span class='ocrx_word' id='word_1_90' title='bbox 136 1798 377 1881; x_wconf 83' lang='lat' dir='ltr'>argumentatio</span> <span class='ocrx_word' id='word_1_91' title='bbox 410 1796 450 1861; x_wconf 90' lang='lat' dir='ltr'>de</span> <span class='ocrx_word' id='word_1_92' title='bbox 477 1796 618 1861; x_wconf 91' lang='lat' dir='ltr'>secundo</span> <span class='ocrx_word' id='word_1_93' title='bbox 642 1795 826 1885; x_wconf 78' lang='grc' dir='ltr'><strong><em>παρανόμῳ</em></strong></span> <span class='ocrx_word' id='word_1_94' title='bbox 845 1802 920 1860; x_wconf 89' lang='lat' dir='ltr'>ante</span> <span class='ocrx_word' id='word_1_95' title='bbox 942 1795 1028 1860; x_wconf 91' lang='lat' dir='ltr'>diem</span> <span class='ocrx_word' id='word_1_96' title='bbox 1050 1798 1161 1861; x_wconf 88' lang='lat' dir='ltr'>indicii</span> <span class='ocrx_word' id='word_1_97' title='bbox 1183 1803 1329 1875; x_wconf 85' lang='lat' dir='ltr'>exarata,</span> 
     </span>
     <span class='ocr_line' id='line_1_13' title="bbox 137 1893 1328 1983; baseline -0.003 -17"><span class='ocrx_word' id='word_1_98' title='bbox 137 1923 158 1965; x_wconf 88' lang='lat' dir='ltr'>a</span> <span class='ocrx_word' id='word_1_99' title='bbox 192 1922 257 1983; x_wconf 88' lang='lat' dir='ltr'>qua</span> <span class='ocrx_word' id='word_1_100' title='bbox 291 1899 392 1964; x_wconf 89' lang='lat' dir='ltr'>verba</span> <span class='ocrx_word' id='word_1_101' title='bbox 425 1900 465 1964; x_wconf 90' lang='lat' dir='ltr'>de</span> <span class='ocrx_word' id='word_1_102' title='bbox 500 1900 666 1965; x_wconf 89' lang='lat' dir='ltr'>Sirenibus</span> <span class='ocrx_word' id='word_1_103' title='bbox 698 1893 788 1965; x_wconf 86' lang='lat' dir='ltr'>facta</span> <span class='ocrx_word' id='word_1_104' title='bbox 822 1899 974 1976; x_wconf 89' lang='lat' dir='ltr'>aberant,</span> <span class='ocrx_word' id='word_1_105' title='bbox 1014 1900 1224 1983; x_wconf 89' lang='lat' dir='ltr'>respondenti</span> <span class='ocrx_word' id='word_1_106' title='bbox 1256 1900 1328 1964; x_wconf 90' lang='lat' dir='ltr'>loco</span> 
     </span>
     <span class='ocr_line' id='line_1_14' title="bbox 138 2003 1329 2087; baseline -0.002 -18"><span class='ocrx_word' id='word_1_107' title='bbox 138 2004 290 2070; x_wconf 90' lang='lat' dir='ltr'>editionis</span> <span class='ocrx_word' id='word_1_108' title='bbox 306 2003 554 2087; x_wconf 86' lang='lat' dir='ltr'>Ctesiphonteae</span> <span class='ocrx_word' id='word_1_109' title='bbox 571 2003 739 2087; x_wconf 86' lang='lat' dir='ltr'>adscripta</span> <span class='ocrx_word' id='word_1_110' title='bbox 755 2008 787 2068; x_wconf 89' lang='lat' dir='ltr'>et</span> <span class='ocrx_word' id='word_1_111' title='bbox 802 2010 935 2087; x_wconf 90' lang='lat' dir='ltr'>postero</span> <span class='ocrx_word' id='word_1_112' title='bbox 950 2011 1106 2087; x_wconf 88' lang='lat' dir='ltr'>tempore,</span> <span class='ocrx_word' id='word_1_113' title='bbox 1128 2010 1166 2067; x_wconf 87' lang='lat' dir='ltr'>ut</span> <span class='ocrx_word' id='word_1_114' title='bbox 1180 2003 1329 2086; x_wconf 89' lang='lat' dir='ltr'>pluribus</span> 
     </span>
     <span class='ocr_line' id='line_1_15' title="bbox 136 2106 1329 2190; baseline -0.003 -17"><span class='ocrx_word' id='word_1_115' title='bbox 136 2110 202 2173; x_wconf 84' lang='lat' dir='ltr'>iam</span> <span class='ocrx_word' id='word_1_116' title='bbox 232 2107 453 2185; x_wconf 88' lang='lat' dir='ltr'>disseruimus,</span> <span class='ocrx_word' id='word_1_117' title='bbox 482 2129 502 2169; x_wconf 90' lang='lat' dir='ltr'>a</span> <span class='ocrx_word' id='word_1_118' title='bbox 529 2106 674 2172; x_wconf 89' lang='lat' dir='ltr'>librariis</span> <span class='ocrx_word' id='word_1_119' title='bbox 702 2108 736 2171; x_wconf 90' lang='lat' dir='ltr'>in</span> <span class='ocrx_word' id='word_1_120' title='bbox 766 2113 953 2172; x_wconf 84' lang='lat' dir='ltr'>contextum</span> <span class='ocrx_word' id='word_1_121' title='bbox 980 2113 1115 2190; x_wconf 86' lang='lat' dir='ltr'>recepta</span> <span class='ocrx_word' id='word_1_122' title='bbox 1137 2113 1188 2172; x_wconf 87' lang='lat' dir='ltr'>est</span> <span class='ocrx_word' id='word_1_123' title='bbox 1200 2108 1234 2182; x_wconf 74' lang='grc'>11.</span> <span class='ocrx_word' id='word_1_124' title='bbox 1280 2107 1329 2170; x_wconf 85' lang='lat' dir='ltr'>Ex</span> 
     </span>
     <span class='ocr_line' id='line_1_16' title="bbox 135 2209 1326 2295; baseline -0.004 -17"><span class='ocrx_word' id='word_1_125' title='bbox 135 2232 202 2295; x_wconf 91' lang='lat' dir='ltr'>quo</span> <span class='ocrx_word' id='word_1_126' title='bbox 231 2209 278 2287; x_wconf 82' lang='lat' dir='ltr'>fit,</span> <span class='ocrx_word' id='word_1_127' title='bbox 308 2216 346 2275; x_wconf 91' lang='lat' dir='ltr'>ut</span> <span class='ocrx_word' id='word_1_128' title='bbox 376 2230 439 2273; x_wconf 92' lang='lat' dir='ltr'>non</span> <span class='ocrx_word' id='word_1_129' title='bbox 469 2210 573 2275; x_wconf 90' lang='lat' dir='ltr'>solum</span> <span class='ocrx_word' id='word_1_130' title='bbox 604 2211 806 2292; x_wconf 88' lang='lat' dir='ltr'>comparatio</span> <span class='ocrx_word' id='word_1_131' title='bbox 837 2210 895 2274; x_wconf 88' lang='lat' dir='ltr'>illa</span> <span class='ocrx_word' id='word_1_132' title='bbox 924 2212 957 2273; x_wconf 92' lang='lat' dir='ltr'>in</span> <span class='ocrx_word' id='word_1_133' title='bbox 987 2209 1112 2274; x_wconf 87' lang='lat' dir='ltr'>tradita</span> <span class='ocrx_word' id='word_1_134' title='bbox 1140 2209 1326 2274; x_wconf 88' lang='lat' dir='ltr'>defensione</span> 
     </span>
     <span class='ocr_line' id='line_1_17' title="bbox 134 2313 1329 2396; baseline -0.003 -17"><span class='ocrx_word' id='word_1_135' title='bbox 134 2336 202 2380; x_wconf 92' lang='lat' dir='ltr'>non</span> <span class='ocrx_word' id='word_1_136' title='bbox 225 2321 345 2392; x_wconf 88' lang='lat' dir='ltr'>exstet,</span> <span class='ocrx_word' id='word_1_137' title='bbox 375 2313 432 2378; x_wconf 90' lang='lat' dir='ltr'>sed</span> <span class='ocrx_word' id='word_1_138' title='bbox 455 2316 554 2379; x_wconf 89' lang='lat' dir='ltr'>etiam</span> <span class='ocrx_word' id='word_1_139' title='bbox 576 2319 648 2377; x_wconf 87' lang='lat' dir='ltr'>tota</span> <span class='ocrx_word' id='word_1_140' title='bbox 671 2315 840 2396; x_wconf 86' lang='lat' dir='ltr'>responsio</span> <span class='ocrx_word' id='word_1_141' title='bbox 862 2313 902 2377; x_wconf 94' lang='lat' dir='ltr'>de</span> <span class='ocrx_word' id='word_1_142' title='bbox 924 2333 1063 2377; x_wconf 89' lang='lat' dir='ltr'>coronae</span> <span class='ocrx_word' id='word_1_143' title='bbox 1085 2313 1329 2396; x_wconf 88' lang='lat' dir='ltr'>praedicatione</span> 
     </span>
     <span class='ocr_line' id='line_1_18' title="bbox 135 2416 1330 2501; baseline -0.002 -20"><span class='ocrx_word' id='word_1_144' title='bbox 135 2417 267 2482; x_wconf 89' lang='lat' dir='ltr'>reddita</span> <span class='ocrx_word' id='word_1_145' title='bbox 289 2418 321 2481; x_wconf 91' lang='lat' dir='ltr'>in</span> <span class='ocrx_word' id='word_1_146' title='bbox 344 2424 490 2482; x_wconf 89' lang='lat' dir='ltr'>nostram</span> <span class='ocrx_word' id='word_1_147' title='bbox 514 2423 656 2481; x_wconf 87' lang='lat' dir='ltr'>aetatem</span> <span class='ocrx_word' id='word_1_148' title='bbox 680 2416 761 2482; x_wconf 89' lang='lat' dir='ltr'>adeo</span> <span class='ocrx_word' id='word_1_149' title='bbox 783 2438 847 2483; x_wconf 92' lang='lat' dir='ltr'>non</span> <span class='ocrx_word' id='word_1_150' title='bbox 869 2418 1062 2500; x_wconf 83' lang='lat' dir='ltr'>pervenerit,</span> <span class='ocrx_word' id='word_1_151' title='bbox 1092 2423 1129 2481; x_wconf 92' lang='lat' dir='ltr'>ut</span> <span class='ocrx_word' id='word_1_152' title='bbox 1152 2418 1185 2480; x_wconf 94' lang='lat' dir='ltr'>in</span> <span class='ocrx_word' id='word_1_153' title='bbox 1207 2420 1243 2501; x_wconf 58' lang='grc' dir='ltr'>ἕξ</span> <span class='ocrx_word' id='word_1_154' title='bbox 1268 2423 1330 2480; x_wconf 85' lang='lat'>120</span> 
     </span>
     <span class='ocr_line' id='line_1_19' title="bbox 132 2519 1092 2603; baseline -0.002 -18"><span class='ocrx_word' id='word_1_155' title='bbox 132 2527 172 2585; x_wconf 88' lang='lat' dir='ltr'>et</span> <span class='ocrx_word' id='word_1_156' title='bbox 197 2526 253 2584; x_wconf 90' lang='grc'>121</span> <span class='ocrx_word' id='word_1_157' title='bbox 279 2522 385 2603; x_wconf 89' lang='lat' dir='ltr'>prima</span> <span class='ocrx_word' id='word_1_158' title='bbox 407 2525 534 2584; x_wconf 87' lang='lat' dir='ltr'>tanturn</span> <span class='ocrx_word' id='word_1_159' title='bbox 557 2522 626 2583; x_wconf 86' lang='lat' dir='ltr'>eius</span> <span class='ocrx_word' id='word_1_160' title='bbox 648 2519 711 2584; x_wconf 89' lang='lat' dir='ltr'>loci</span> <span class='ocrx_word' id='word_1_161' title='bbox 733 2522 878 2585; x_wconf 89' lang='lat' dir='ltr'>recensio</span> <span class='ocrx_word' id='word_1_162' title='bbox 900 2522 1092 2584; x_wconf 87' lang='lat' dir='ltr'>inveniatur.</span> 
     </span>
    </p>

    <p class='ocr_par' dir='ltr' id='par_1_3' title="bbox 135 2622 1408 4050">
     <span class='ocr_line' id='line_1_20' title="bbox 226 2622 1408 2706; baseline 0 -19"><span class='ocrx_word' id='word_1_163' title='bbox 226 2624 287 2702; x_wconf 78' lang='lat' dir='ltr'>Qui</span> <span class='ocrx_word' id='word_1_164' title='bbox 304 2626 409 2688; x_wconf 87' lang='lat' dir='ltr'>exitus</span> <span class='ocrx_word' id='word_1_165' title='bbox 424 2625 594 2689; x_wconf 85' lang='lat' dir='ltr'>institutae</span> <span class='ocrx_word' id='word_1_166' title='bbox 609 2624 828 2706; x_wconf 90' lang='lat' dir='ltr'>inquisitionis</span> <span class='ocrx_word' id='word_1_167' title='bbox 844 2630 940 2689; x_wconf 86' lang='lat' dir='ltr'>extra</span> <span class='ocrx_word' id='word_1_168' title='bbox 954 2644 1081 2688; x_wconf 89' lang='lat' dir='ltr'>ornnem</span> <span class='ocrx_word' id='word_1_169' title='bbox 1093 2622 1327 2690; x_wconf 82' lang='lat' dir='ltr'>dubitationem</span> <span class='ocrx_word' id='word_1_170' title='bbox 1406 2694 1408 2698; x_wconf 57' lang='grc'>,</span> 
     </span>
     <span class='ocr_line' id='line_1_21' title="bbox 135 2727 1330 2812; baseline 0 -20"><span class='ocrx_word' id='word_1_171' title='bbox 135 2730 265 2811; x_wconf 90' lang='lat' dir='ltr'>positus</span> <span class='ocrx_word' id='word_1_172' title='bbox 288 2727 367 2791; x_wconf 89' lang='lat' dir='ltr'>mihi</span> <span class='ocrx_word' id='word_1_173' title='bbox 389 2727 525 2791; x_wconf 87' lang='lat' dir='ltr'>videtur.</span> <span class='ocrx_word' id='word_1_174' title='bbox 571 2728 638 2791; x_wconf 90' lang='lat' dir='ltr'>Nec</span> <span class='ocrx_word' id='word_1_175' title='bbox 661 2727 731 2792; x_wconf 87' lang='lat' dir='ltr'>fore</span> <span class='ocrx_word' id='word_1_176' title='bbox 754 2748 949 2812; x_wconf 90' lang='lat' dir='ltr'>quemquam</span> <span class='ocrx_word' id='word_1_177' title='bbox 972 2749 1076 2811; x_wconf 89' lang='lat' dir='ltr'>spero,</span> <span class='ocrx_word' id='word_1_178' title='bbox 1105 2728 1223 2809; x_wconf 89' lang='lat' dir='ltr'>quide</span> <span class='ocrx_word' id='word_1_179' title='bbox 1246 2728 1330 2792; x_wconf 87' lang='lat' dir='ltr'>eius-</span> 
     </span>
     <span class='ocr_line' id='line_1_22' title="bbox 139 2830 1328 2913; baseline -0.001 -19"><span class='ocrx_word' id='word_1_180' title='bbox 139 2830 227 2895; x_wconf 91' lang='lat' dir='ltr'>modi</span> <span class='ocrx_word' id='word_1_181' title='bbox 251 2830 372 2913; x_wconf 89' lang='lat' dir='ltr'>duplici</span> <span class='ocrx_word' id='word_1_182' title='bbox 395 2832 582 2895; x_wconf 87' lang='lat' dir='ltr'>recensione</span> <span class='ocrx_word' id='word_1_183' title='bbox 599 2830 868 2897; x_wconf 88' lang='lat' dir='ltr'>Dcmosthenicae</span> <span class='ocrx_word' id='word_1_184' title='bbox 887 2832 1042 2895; x_wconf 89' lang='lat' dir='ltr'>orationis</span> <span class='ocrx_word' id='word_1_185' title='bbox 1058 2830 1194 2894; x_wconf 90' lang='lat' dir='ltr'>dubitet.</span> <span class='ocrx_word' id='word_1_186' title='bbox 1234 2830 1328 2894; x_wconf 86' lang='lat' dir='ltr'>Credi</span> 
     </span>
     <span class='ocr_line' id='line_1_23' title="bbox 140 2934 1331 3017; baseline 0.001 -20"><span class='ocrx_word' id='word_1_187' title='bbox 140 2940 250 2999; x_wconf 88' lang='lat' dir='ltr'>autem</span> <span class='ocrx_word' id='word_1_188' title='bbox 279 2935 332 2997; x_wconf 85' lang='lat' dir='ltr'>vix</span> <span class='ocrx_word' id='word_1_189' title='bbox 361 2940 471 3016; x_wconf 89' lang='lat' dir='ltr'>potest</span> <span class='ocrx_word' id='word_1_190' title='bbox 499 2956 597 2997; x_wconf 89' lang='lat' dir='ltr'>unum</span> <span class='ocrx_word' id='word_1_191' title='bbox 625 2934 688 2997; x_wconf 90' lang='lat' dir='ltr'>hoc</span> <span class='ocrx_word' id='word_1_192' title='bbox 709 2936 880 3017; x_wconf 82' lang='lat' dir='ltr'>vestigium</span> <span class='ocrx_word' id='word_1_193' title='bbox 911 2941 1050 3010; x_wconf 86' lang='lat' dir='ltr'>exstare,</span> <span class='ocrx_word' id='word_1_194' title='bbox 1082 2956 1146 3016; x_wconf 93' lang='lat' dir='ltr'>quo</span> <span class='ocrx_word' id='word_1_195' title='bbox 1171 2941 1331 3017; x_wconf 88' lang='lat' dir='ltr'>appareat</span> 
     </span>
     <span class='ocr_line' id='line_1_24' title="bbox 135 3035 1331 3119; baseline 0 -18"><span class='ocrx_word' id='word_1_196' title='bbox 135 3036 404 3119; x_wconf 80' lang='lat' dir='ltr'>Ctesiphonteam</span> <span class='ocrx_word' id='word_1_197' title='bbox 425 3057 442 3099; x_wconf 90' lang='lat' dir='ltr'>e</span> <span class='ocrx_word' id='word_1_198' title='bbox 465 3035 592 3101; x_wconf 89' lang='lat' dir='ltr'>duabus</span> <span class='ocrx_word' id='word_1_199' title='bbox 616 3038 819 3102; x_wconf 87' lang='lat' dir='ltr'>orationihus</span> <span class='ocrx_word' id='word_1_200' title='bbox 843 3037 1017 3101; x_wconf 88' lang='lat' dir='ltr'>conflatam</span> <span class='ocrx_word' id='word_1_201' title='bbox 1034 3058 1114 3101; x_wconf 88' lang='lat' dir='ltr'>esse.</span> <span class='ocrx_word' id='word_1_202' title='bbox 1154 3041 1201 3101; x_wconf 80' lang='lat' dir='ltr'>Ac</span> <span class='ocrx_word' id='word_1_203' title='bbox 1216 3057 1331 3101; x_wconf 86' lang='lat' dir='ltr'>revera</span> 
     </span>
     <span class='ocr_line' id='line_1_25' title="bbox 135 3139 1330 3224; baseline 0.001 -20"><span class='ocrx_word' id='word_1_204' title='bbox 135 3161 337 3223; x_wconf 88' lang='lat' dir='ltr'>quamquam</span> <span class='ocrx_word' id='word_1_205' title='bbox 359 3139 586 3204; x_wconf 89' lang='lat' dir='ltr'>difficillimum</span> <span class='ocrx_word' id='word_1_206' title='bbox 608 3146 659 3204; x_wconf 89' lang='lat' dir='ltr'>est</span> <span class='ocrx_word' id='word_1_207' title='bbox 680 3141 779 3218; x_wconf 87' lang='lat' dir='ltr'>dictu,</span> <span class='ocrx_word' id='word_1_208' title='bbox 807 3141 937 3223; x_wconf 88' lang='lat' dir='ltr'>quando</span> <span class='ocrx_word' id='word_1_209' title='bbox 959 3140 1212 3224; x_wconf 88' lang='lat' dir='ltr'>unumquodque</span> <span class='ocrx_word' id='word_1_210' title='bbox 1235 3161 1330 3223; x_wconf 82' lang='lat' dir='ltr'>argu-</span> 
     </span>
     <span class='ocr_line' id='line_1_26' title="bbox 138 3242 1330 3327; baseline 0.001 -20"><span class='ocrx_word' id='word_1_211' title='bbox 138 3250 285 3308; x_wconf 89' lang='lat' dir='ltr'>mentum</span> <span class='ocrx_word' id='word_1_212' title='bbox 308 3242 502 3307; x_wconf 85' lang='lat' dir='ltr'>defensionis</span> <span class='ocrx_word' id='word_1_213' title='bbox 519 3243 701 3308; x_wconf 86' lang='lat' dir='ltr'>confectum</span> <span class='ocrx_word' id='word_1_214' title='bbox 717 3245 769 3320; x_wconf 89' lang='lat' dir='ltr'>sit,</span> <span class='ocrx_word' id='word_1_215' title='bbox 793 3249 903 3309; x_wconf 86' lang='lat' dir='ltr'>tamen</span> <span class='ocrx_word' id='word_1_216' title='bbox 918 3265 977 3327; x_wconf 92' lang='lat' dir='ltr'>pro</span> <span class='ocrx_word' id='word_1_217' title='bbox 994 3248 1084 3308; x_wconf 90' lang='lat' dir='ltr'>certo</span> <span class='ocrx_word' id='word_1_218' title='bbox 1100 3242 1330 3308; x_wconf 82' lang='lat' dir='ltr'>affirmaverim</span> 
     </span>
     <span class='ocr_line' id='line_1_27' title="bbox 138 3345 1331 3430; baseline 0 -19"><span class='ocrx_word' id='word_1_219' title='bbox 138 3345 303 3411; x_wconf 89' lang='lat' dir='ltr'>nonnullis</span> <span class='ocrx_word' id='word_1_220' title='bbox 326 3347 424 3410; x_wconf 88' lang='lat' dir='ltr'>etiam</span> <span class='ocrx_word' id='word_1_221' title='bbox 448 3346 520 3411; x_wconf 88' lang='lat' dir='ltr'>aliis</span> <span class='ocrx_word' id='word_1_222' title='bbox 541 3346 621 3411; x_wconf 88' lang='lat' dir='ltr'>locis</span> <span class='ocrx_word' id='word_1_223' title='bbox 638 3347 864 3411; x_wconf 88' lang='lat' dir='ltr'>Demosthenis</span> <span class='ocrx_word' id='word_1_224' title='bbox 886 3346 987 3411; x_wconf 85' lang='lat' dir='ltr'>verba</span> <span class='ocrx_word' id='word_1_225' title='bbox 1009 3348 1184 3412; x_wconf 89' lang='lat' dir='ltr'>memoriae</span> <span class='ocrx_word' id='word_1_226' title='bbox 1198 3347 1331 3430; x_wconf 87' lang='lat' dir='ltr'>prodita</span> 
     </span>
     <span class='ocr_line' id='line_1_28' title="bbox 139 3448 1329 3534; baseline 0.004 -25"><span class='ocrx_word' id='word_1_227' title='bbox 139 3452 272 3515; x_wconf 89' lang='lat' dir='ltr'>minime</span> <span class='ocrx_word' id='word_1_228' title='bbox 296 3471 335 3513; x_wconf 85' lang='lat' dir='ltr'>ex</span> <span class='ocrx_word' id='word_1_229' title='bbox 355 3451 459 3533; x_wconf 90' lang='lat' dir='ltr'>ipsius</span> <span class='ocrx_word' id='word_1_230' title='bbox 480 3448 630 3526; x_wconf 85' lang='lat' dir='ltr'>editione,</span> <span class='ocrx_word' id='word_1_231' title='bbox 654 3449 712 3513; x_wconf 90' lang='lat' dir='ltr'>sed</span> <span class='ocrx_word' id='word_1_232' title='bbox 734 3452 999 3515; x_wconf 87' lang='lat' dir='ltr'>ecommentario</span> <span class='ocrx_word' id='word_1_233' title='bbox 1012 3450 1070 3515; x_wconf 93' lang='lat' dir='ltr'>illo</span> <span class='ocrx_word' id='word_1_234' title='bbox 1085 3450 1235 3534; x_wconf 90' lang='lat' dir='ltr'>profecta</span> <span class='ocrx_word' id='word_1_235' title='bbox 1250 3472 1329 3515; x_wconf 91' lang='lat' dir='ltr'>esse.</span> 
     </span>
     <span class='ocr_line' id='line_1_29' title="bbox 144 3553 1332 3636; baseline 0.002 -19"><span class='ocrx_word' id='word_1_236' title='bbox 144 3559 186 3618; x_wconf 85' lang='lat' dir='ltr'>At</span> <span class='ocrx_word' id='word_1_237' title='bbox 219 3553 337 3617; x_wconf 91' lang='lat' dir='ltr'>harum</span> <span class='ocrx_word' id='word_1_238' title='bbox 369 3574 478 3617; x_wconf 89' lang='lat' dir='ltr'>rerum</span> <span class='ocrx_word' id='word_1_239' title='bbox 512 3553 751 3636; x_wconf 87' lang='lat' dir='ltr'>quaestionem,</span> <span class='ocrx_word' id='word_1_240' title='bbox 783 3575 824 3617; x_wconf 91' lang='lat' dir='ltr'>ne</span> <span class='ocrx_word' id='word_1_241' title='bbox 859 3560 953 3618; x_wconf 85' lang='lat' dir='ltr'>extra</span> <span class='ocrx_word' id='word_1_242' title='bbox 982 3554 1063 3619; x_wconf 89' lang='lat' dir='ltr'>fines</span> <span class='ocrx_word' id='word_1_243' title='bbox 1092 3554 1332 3619; x_wconf 85' lang='lat' dir='ltr'>dissertationis</span> 
     </span>
     <span class='ocr_line' id='line_1_30' title="bbox 138 3655 1330 3740; baseline 0 -19"><span class='ocrx_word' id='word_1_244' title='bbox 138 3656 326 3739; x_wconf 80' lang='lat' dir='ltr'>egrederer,</span> <span class='ocrx_word' id='word_1_245' title='bbox 346 3656 379 3719; x_wconf 90' lang='lat' dir='ltr'>in</span> <span class='ocrx_word' id='word_1_246' title='bbox 402 3655 499 3720; x_wconf 90' lang='lat' dir='ltr'>aliam</span> <span class='ocrx_word' id='word_1_247' title='bbox 523 3656 601 3720; x_wconf 90' lang='lat' dir='ltr'>mihi</span> <span class='ocrx_word' id='word_1_248' title='bbox 624 3658 903 3739; x_wconf 89' lang='lat' dir='ltr'>opportunitatem</span> <span class='ocrx_word' id='word_1_249' title='bbox 920 3678 1076 3740; x_wconf 89' lang='lat' dir='ltr'>seponere</span> <span class='ocrx_word' id='word_1_250' title='bbox 1092 3658 1200 3721; x_wconf 87' lang='lat' dir='ltr'>malui.</span> <span class='ocrx_word' id='word_1_251' title='bbox 1244 3658 1330 3739; x_wconf 84' lang='lat' dir='ltr'>Ergo</span> 
     </span>
     <span class='ocr_line' id='line_1_31' title="bbox 143 3758 1331 3843; baseline -0.001 -18"><span class='ocrx_word' id='word_1_252' title='bbox 143 3761 225 3825; x_wconf 88' lang='lat' dir='ltr'>satis</span> <span class='ocrx_word' id='word_1_253' title='bbox 254 3758 398 3836; x_wconf 89' lang='lat' dir='ltr'>habebo,</span> <span class='ocrx_word' id='word_1_254' title='bbox 428 3761 455 3823; x_wconf 90' lang='lat' dir='ltr'>si</span> <span class='ocrx_word' id='word_1_255' title='bbox 487 3780 696 3843; x_wconf 87' lang='lat' dir='ltr'>quoscunque</span> <span class='ocrx_word' id='word_1_256' title='bbox 719 3760 761 3823; x_wconf 87' lang='lat' dir='ltr'>ad</span> <span class='ocrx_word' id='word_1_257' title='bbox 785 3759 896 3825; x_wconf 89' lang='lat' dir='ltr'>studia</span> <span class='ocrx_word' id='word_1_258' title='bbox 915 3766 1028 3825; x_wconf 89' lang='lat' dir='ltr'>nostra</span> <span class='ocrx_word' id='word_1_259' title='bbox 1051 3762 1194 3824; x_wconf 90' lang='lat' dir='ltr'>animum</span> <span class='ocrx_word' id='word_1_260' title='bbox 1218 3760 1331 3825; x_wconf 85' lang='lat' dir='ltr'>adver-</span> 
     </span>
     <span class='ocr_line' id='line_1_32' title="bbox 138 3861 1331 3947; baseline 0.001 -20"><span class='ocrx_word' id='word_1_261' title='bbox 138 3866 221 3927; x_wconf 85' lang='lat' dir='ltr'>tisse</span> <span class='ocrx_word' id='word_1_262' title='bbox 243 3861 331 3925; x_wconf 87' lang='lat' dir='ltr'>haud</span> <span class='ocrx_word' id='word_1_263' title='bbox 353 3861 514 3944; x_wconf 88' lang='lat' dir='ltr'>puduerit,</span> <span class='ocrx_word' id='word_1_264' title='bbox 543 3862 762 3941; x_wconf 85' lang='lat' dir='ltr'>difficultates,</span> <span class='ocrx_word' id='word_1_265' title='bbox 793 3863 972 3946; x_wconf 89' lang='lat' dir='ltr'>dequibus</span> <span class='ocrx_word' id='word_1_266' title='bbox 996 3863 1241 3947; x_wconf 88' lang='lat' dir='ltr'>disputavimus,</span> <span class='ocrx_word' id='word_1_267' title='bbox 1270 3866 1331 3928; x_wconf 89' lang='lat' dir='ltr'>nisi</span> 
     </span>
     <span class='ocr_line' id='line_1_33' title="bbox 139 3966 1116 4050; baseline 0.001 -21"><span class='ocrx_word' id='word_1_268' title='bbox 139 3967 331 4029; x_wconf 83' lang='lat' dir='ltr'>coniectura</span> <span class='ocrx_word' id='word_1_269' title='bbox 353 3968 523 4048; x_wconf 90' lang='lat' dir='ltr'>proposita</span> <span class='ocrx_word' id='word_1_270' title='bbox 544 3966 689 4049; x_wconf 87' lang='lat' dir='ltr'>expediri</span> <span class='ocrx_word' id='word_1_271' title='bbox 711 3988 775 4031; x_wconf 93' lang='lat' dir='ltr'>non</span> <span class='ocrx_word' id='word_1_272' title='bbox 796 3988 892 4050; x_wconf 90' lang='lat' dir='ltr'>posse</span> <span class='ocrx_word' id='word_1_273' title='bbox 914 3988 1116 4050; x_wconf 89' lang='lat' dir='ltr'>persuasero.</span> 
     </span>
    </p>
   </div>
   <div class='ocr_carea' id='block_1_3' title="bbox 233 4171 1147 4243">
    <p class='ocr_par' dir='ltr' id='par_1_4' title="bbox 233 4171 1147 4243">
     <span class='ocr_line' id='line_1_34' title="bbox 233 4171 1147 4243; baseline 0.001 -18"><span class='ocrx_word' id='word_1_274' title='bbox 233 4174 259 4237; x_wconf 85' lang='lat'>1)</span> <span class='ocrx_word' id='word_1_275' title='bbox 278 4171 319 4226; x_wconf 83' lang='lat' dir='ltr'>Os.</span> <span class='ocrx_word' id='word_1_276' title='bbox 339 4189 379 4238; x_wconf 86' lang='lat' dir='ltr'>ea,</span> <span class='ocrx_word' id='word_1_277' title='bbox 398 4190 468 4241; x_wconf 90' lang='lat' dir='ltr'>quae</span> <span class='ocrx_word' id='word_1_278' title='bbox 489 4173 523 4225; x_wconf 90' lang='lat' dir='ltr'>de</span> <span class='ocrx_word' id='word_1_279' title='bbox 541 4173 584 4225; x_wconf 88' lang='lat' dir='ltr'>his</span> <span class='ocrx_word' id='word_1_280' title='bbox 603 4176 685 4228; x_wconf 85' lang='lat' dir='ltr'>rebus</span> <span class='ocrx_word' id='word_1_281' title='bbox 704 4191 788 4242; x_wconf 86' lang='lat' dir='ltr'>supra</span> <span class='ocrx_word' id='word_1_282' title='bbox 804 4192 832 4243; x_wconf 91' lang='lat' dir='ltr'>p.</span> <span class='ocrx_word' id='word_1_283' title='bbox 851 4176 887 4227; x_wconf 84' lang='lat'>34</span> <span class='ocrx_word' id='word_1_284' title='bbox 903 4191 944 4241; x_wconf 85' lang='lat' dir='ltr'>sq.</span> <span class='ocrx_word' id='word_1_285' title='bbox 962 4175 1147 4243; x_wconf 83' lang='lat' dir='ltr'>exposuimus.</span> 
     </span>
    </p>
   </div>
   <div class='ocr_carea' id='block_1_4' title="bbox 634 4400 841 4411">
    <p class='ocr_par' dir='ltr' id='par_1_5' title="bbox 634 4400 841 4411">
     <span class='ocr_line' id='line_1_35' title="bbox 634 4400 841 4411; baseline -0.01 0"><span class='ocrx_word' id='word_1_286' title='bbox 634 4400 841 4411; x_wconf 45' lang='grc' dir='ltr'>...ἡ-ψ*-</span> 
     </span>
    </p>
   </div>
   <div class='ocr_carea' id='block_1_5' title="bbox 0 0 1627 5259">
    <p class='ocr_par' dir='ltr' id='par_1_6' title="bbox 0 0 1627 5259">
     <span class='ocr_line' id='line_1_36' title="bbox 0 0 1627 5259; baseline 0 0"><span class='ocrx_word' id='word_1_287' title='bbox 0 0 1627 5259; x_wconf 95' lang='lat' dir='ltr'> </span> 
     </span>
    </p>
   </div>
  </div>
 </body>
</html>
