3242 5259
615 614 831 675 ..41-

128 780 212 846 falsa
241 781 403 865 legatione
432 782 565 847 habitae
593 782 811 866 paragraphis
836 786 1006 847 337-340
1029 782 1263 849 Demosthenes
1286 784 1319 848 id

128 887 232 969 ipsum
264 885 425 965 hortatur,
454 886 589 969 nequis
619 886 785 970 aequabili
814 886 993 953 adversarii
1023 906 1101 951 voce
1131 885 1319 953 fascinatur.

129 992 176 1055 Ac
203 1010 244 1055 ne
257 1046 260 1053 .
274 990 308 1053 in
329 989 562 1073 Ctesiphontea
584 989 714 1073 quidem
737 990 777 1055 de
801 990 1001 1055 Aeschineae
1028 990 1185 1055 orationis
1214 991 1319 1057 nitore

129 1077 242 1158 dicere*
259 1092 395 1174 desiuit,
426 1094 578 1177 quoniam
608 1093 779 1178 permultis
808 1093 889 1159 locis
917 1092 971 1178 (cf.
994 1093 1030 1179 ἓξ
1056 1098 1126 1172 127,
1153 1099 1222 1175 132,
1247 1101 1320 1176 259,
1427 1144 1431 1149 -

129 1202 201 1276 280,
218 1203 290 1277 286,
307 1203 379 1277 291,
396 1202 469 1278 308,
486 1199 562 1282 313)
584 1197 709 1263 iudices
730 1197 892 1276 admonet,
917 1217 958 1263 ne
973 1196 1081 1262 verbis
1098 1196 1184 1263 illius
1199 1197 1320 1283 decipi·

129 1306 226 1367 autur
247 1322 328 1367 neve
350 1303 519 1385 patiantur
542 1323 616 1367 eum
637 1308 675 1367 ut
696 1301 787 1381 alias,
811 1302 858 1367 sic
879 1301 943 1367 hac
963 1302 996 1366 in
1017 1321 1118 1366 causa
1133 1302 1320 1386 eloquentia

128 1426 280 1489 perverse
304 1411 337 1471 et
355 1406 504 1489 improbe
526 1406 585 1471 uti.
622 1405 841 1485 Quamobrem
861 1404 1097 1471 Demosthenes
1119 1412 1183 1471 non
1206 1406 1319 1485 solum,

105 1508 161 1584 ,id
190 1508 279 1591 qnod
310 1507 477 1575 contendit
506 1509 684 1587 1161111166,
720 1509 760 1575 116
790 1500 968 1575 adversarii
998 1509 1085 1577 edun
1115 1518 1174 1595 τῆς
1204 1520 1320 1597 φωνῆς

126 1614 276 1700 16280),
306 1613 346 1679 (16
369 1614 438 1679 eius
461 1618 673 1700 λαρυγγίζειν
700 1616 732 1699 (ᾗ
755 1617 847 1699 291),
883 1614 923 1679 dc
947 1614 1160 1701 φθέγγεσθαι
1180 1614 1264 1701 μέγα
1287 1621 1321 1681 61

128 1716 368 1805 ὑπέρλαμπρον
397 1720 430 1804 (6
452 1720 530 1801 259)
559 1717 661 1783 verba
689 1718 783 1797 lacit,
814 1718 994 1783 sedetiam
1025 1718 1155 1802 saepius
1177 1720 1318 1803 exponit,

129 1822 297 1905 Aeschinis
321 1842 382 1887 vox
397 1843 495 1905 quam
510 1822 594 1887 bene
609 1826 703 1887 66661
724 1824 756 1907 (6
771 1823 858 1906 285),
882 1844 978 1905 qnam
1000 1822 1107 1887 suavis
1124 1822 1166 1886 sit
1180 1821 1319 1906 ideoque

130 1927 278 2010 captiosa
308 1926 361 2012 (cf.
391 1928 569 2011 praecipue
590 1947 637 1990 or.
663 1924 704 1991 de
732 1925 753 1990 f.
784 1925 845 2009 leg.
876 1928 912 2011 §§
935 1930 1014 2005 206,
1044 1931 1106 1993 208
1129 1946 1215 2009 sqq,
1247 1932 1319 2009 216,

25 2020 28 2027 ’
129 2037 191 2096 336
214 2032 307 2115 sqq).
359 2030 478 2097 Mirum
510 2032 612 2115 igitur
639 2051 705 2095 uon
732 2035 882 2095 osteum
911 2029 971 2094 has
1001 2028 1202 2097 Aeschineae
1232 2031 1319 2097 vocis

128 2133 300 2201 illecebras
329 2135 426 2199 etiam
458 2156 532 2199 cum
562 2136 593 2198 vi
621 2134 784 2199 Sirenum
801 2139 916 2199 cantus
948 2154 1170 2218 comparasse,
1200 2135 1319 2219 quippe

129 2239 185 2323 qui
219 2238 316 2304 simili
347 2239 474 2304 ratione
496 2244 597 2324 atque
623 2238 711 2303 illius
734 2237 921 2321 eloquentie
938 2237 1149 2304 audientibus
1171 2258 1236 2303 uon
1257 2240 1320 2304 nisi

128 2344 284 2427 perniciei
307 2342 406 2408 fuisse
430 2343 566 2408 dicatur.
609 2344 718 2407 Actor
732 2347 851 2422 autem,
877 2347 915 2407 61
934 2341 1020 2407 11666
1044 2342 1319 2426 comparationem

129 2447 276 2524 16166161,
300 2447 531 2513 retractandae
553 2446 694 2511 orationi
716 2447 942 2531 paragraphus
959 2451 1021 2511 228
1038 2451 1071 2511 61
1088 2452 1149 2511 229
1173 2446 1319 2511 inseruit.

216 2555 322 2635 Atque
346 2552 387 2616 ad
419 2552 554 2616 eandem
591 2550 677 2615 hanc
703 2550 953 2635 explicationem
988 2549 1192 2616 difficultatis
1222 2550 1319 2630 illius,

130 2677 227 2739 quam
248 2660 437 2734 tractamus,
470 2654 536 2719 alia
556 2675 684 2741 quoque
710 2656 838 2719 ratione
860 2654 1055 2738 perveneris.
1099 2652 1213 2737 Neque
1235 2656 1318 2719 enim

130 2759 344 2827 dubitandum
371 2767 428 2838 est,
461 2760 538 2841 quin
562 2757 712 2823 Aeschini
744 2757 874 2823 licuerit
895 2757 1058 2843 permulta
1080 2778 1201 2836 eorum,
1235 2779 1319 2843 quae

129 2863 335 2929 adversarius
365 2864 399 2927 in
422 2882 521 2928 cause
544 2862 690 2935 dicturus
713 2866 800 2938 erat,
833 2883 904 2927 cum
931 2864 1001 2945 ipse
1023 2861 1226 2945 praesentire
1249 2868 1319 2927 tum

129 2989 147 3032 6
170 2968 373 3033 sermonibus
396 2967 436 3032 de
458 2966 516 3030 lite
538 2966 660 3031 habitis
683 2971 716 3030 et
738 2987 779 3031 ex
800 2965 919 3030 libellis
938 2965 979 3030 ad
996 2957 1185 3031 archontem
1201 2964 1320 3031 delatis

129 3072 261 3136 haurire
274 3072 306 3155 1).
353 3072 431 3151 Quis
459 3076 567 3135 autem
591 3076 656 3147 est,
687 3070 742 3155 qui
773 3069 953 3135 arbitratus
983 3069 1200 3134 accusationis
1221 3090 1325 3154 para·

129 3174 272 3259 graphos
304 3175 378 3239 illas
402 3175 468 3237 iam
497 3173 584 3258 apud
611 3172 768 3243 heliastas
789 3173 894 3238 dictas
917 3194 987 3237 esse
1011 3178 1154 3237 actorem
1178 3194 1230 3238 res
1251 3178 1319 3238 tem

129 3279 310 3362 singulares
339 3278 381 3342 ab
409 3277 596 3342 adversario
620 3283 810 3361 exspectare
828 3278 973 3361 potuisse
997 3276 1194 3341 contendat?
1239 3277 1320 3343 Mihi

130 3383 261 3468 quidem
290 3382 470 3447 averitate
501 3382 641 3447 maxime
663 3381 841 3447 abhorrere
863 3380 1002 3445 -videtur
1026 3380 1218 3445 Aeschinem
1244 3386 1319 3445 ante

129 3486 283 3551 iudicium
307 3486 567 3569 comparationes
590 3485 757 3568 quasdam,
790 3485 908 3569 quibus
938 3484 1172 3550 Demosthenes
1201 3508 1320 3551 usurus

129 3596 231 3669 esset,
265 3612 284 3654 a
314 3612 350 3654 re
379 3590 451 3675 ipsa
481 3590 577 3673 plane
606 3589 729 3655 alienas
752 3588 925 3655 divinando
959 3590 1118 3655 invenisse
1141 3589 1320 3654 autlando

129 3694 301 3760 audivisse.
349 3693 576 3777 Weidnerus2)
608 3692 739 3776 quidem
769 3715 841 3757 eum
863 3694 984 3782 quevis
1013 3701 1110 3759 antea
1132 3694 1320 3758 occassione

129 3797 162 3862 in
186 3798 389 3863 sermonibus
412 3803 446 3862 et
468 3797 598 3862 circulis
622 3796 875 3862 aDemosthene
891 3796 1006 3861 Sirena
1031 3797 1229 3882 appellatum
1249 3818 1319 3863 esse

130 3902 324 3986 suspicatur.
372 3903 448 3984 Age,
470 3903 513 3966 sit
532 3902 580 3965 116
602 3900 741 3966 factum:
763 3923 840 3965 uum
865 3902 1096 3967 Demosthenes
1120 3901 1233 3966 eadem
1256 3902 1319 3968 hac

130 4005 300 4072 occasione
331 4005 555 4071 adversarium
585 4006 684 4070 etiam
717 4027 789 4070 eum
820 4004 945 4069 medice
975 4004 1031 4069 illo
1063 4011 1319 4090 comparaverat,

131 4110 187 4193 qui
209 4110 355 4182 nonnisi
378 4115 513 4192 aegroto
542 4116 670 4175 mortuo
700 4108 893 4175 necessariis
917 4109 1051 4175 consilia
1074 4109 1190 4175 daret?
1235 4110 1320 4175 Num

130 4213 195 4279 illis
210 4214 244 4277 in
261 4213 464 4300 sermonibus
478 4214 710 4283 Philammonis
725 4214 918 4279 mentionem
937 4212 1069 4294 fecerat,
1085 4214 1141 4298 qui
1155 4214 1320 4279 veteribus

219 4460 244 4524 1)
264 4457 304 4511 Cf.
326 4474 365 4525 ea,
385 4474 455 4525 quae
475 4458 508 4510 de
527 4457 580 4511 hac
599 4475 629 4512 re
648 4475 732 4526 snpra
748 4474 776 4525 p.
795 4459 829 4512 20
847 4474 887 4525 sq.
907 4456 1035 4511 diximus.

219 4546 247 4612 2)
266 4545 302 4597 A.
321 4544 350 4596 in
369 4543 413 4597 Gt.
432 4562 472 4598 or.
492 4544 553 4598 adn.
572 4544 608 4597 ad
624 4543 641 4613 ἓ
658 4544 716 4597 228.
