3242 5259
665 500 881 559 -11-

179 662 196 748 ᾗ
215 668 292 729 11οι
316 664 379 742 „Es
402 686 468 729 war
491 664 822 756 selbstverstiindlich,
848 667 926 733 dass
944 668 1028 731 nach
1044 666 1149 746 allem,
1173 690 1238 733 was
1254 690 1370 734 voran-

179 787 346 851 gegangen
369 789 444 847 war,
474 769 571 833 sowie
593 770 626 833 in
648 770 828 836 Rboksicht
849 772 910 837 aul
929 772 988 836 (las
1008 772 1083 836 weit
1105 772 1273 852 Griissere,
1304 795 1370 839 was
1479 827 1481 836 ,

180 870 264 935 doch
295 871 379 935 noch
408 870 557 937 kommen
588 871 724 952 konnte,
757 873 808 939 die
832 874 979 941 Zuhiirer
1008 873 1070 939 den
1091 875 1174 960 jetzt
1197 875 1369 959 folgenden

178 974 379 1041 rechtlichen
405 973 631 1059 Darlegungen
656 978 726 1043 eine
749 977 944 1061 iibergrosse
963 978 1260 1045 Aulmerksamlreit
1281 979 1371 1045 nicht

179 1078 356 1147 schenkten
387 1079 452 1145 und
482 1080 532 1145 ein
564 1079 696 1146 tieferes
724 1081 891 1165 Eingehen
921 1082 1011 1147 nicht
1041 1082 1258 1166 verlaugten“.
1303 1083 1372 1149 Nec

179 1183 314 1250 multum
346 1204 365 1248 a
396 1183 534 1248 veritate
565 1189 645 1268 puto
676 1207 734 1249 nos
765 1185 977 1251 oberraturos
1007 1206 1095 1265 esse,
1130 1186 1158 1251 si
1188 1192 1371 1253 statuamus

179 1287 340 1353 Blassium
371 1287 422 1352 his
451 1286 558 1353 verbis
582 1289 758 1373 praecipue
786 1289 902 1355 miram
931 1289 1020 1355 illam
1042 1296 1235 1373 argumenta
1257 1290 1300 1356 ad
1322 1314 1370 1357 se·

180 1391 320 1457 cundum
352 1391 548 1478 παράνομον
587 1392 786 1476 pertinentia
824 1392 988 1459 refutandi
1023 1393 1183 1459 rationem
1214 1416 1371 1461 excusare

178 1495 271 1561 velle.
322 1495 528 1561 Manifestius
548 1488 672 1561 'autem
714 1518 786 1563 eam
815 1497 1010 1562 sententiam
1042 1497 1189 1563 llalmius
1199 1499 1224 1582 1)
1255 1501 1372 1584 aperit,

179 1600 266 1683 apud
290 1620 384 1683 quem
416 1600 573 1683 scriptum
604 1600 767 1678 ridemus,
801 1600 1055 1680 „Demosthenes
1077 1602 1169 1667 wolle
1190 1601 1293 1667 durch
1317 1603 1370 1669 die

179 1703 384 1786 nachliissige
407 1704 472 1769 und
495 1704 561 1769 fast
583 1704 867 1788 cavaliermiissige
886 1704 1100 1788 Behaudlung
1123 1706 1229 1771 dieser
1244 1706 1371 1773 Punkte

170 1808 264 1874 *auch
287 1807 467 1874 dusserlioh
491 1808 662 1888 audentem
685 1808 760 1873 dass
777 1830 811 1873 es
827 1810 861 1873 in
877 1809 982 1875 einem
996 1809 1192 1893 politischon
1207 1809 1372 1877 Tendens-

179 1934 329 2000 prozesse
369 1912 460 1979 nicht
496 1912 555 1977 der
578 1912 675 1978 Miihe
705 1918 785 1979 wert
816 1912 1000 1993 eracheine‚
1040 1911 1099 1978 auf
1128 1933 1164 1978 so
1197 1913 1370 1979 kleinliche

180 2017 407 2100 Nebenfragen
439 2039 500 2081 nur
529 2017 632 2082 nither
662 2016 887 2099 einzugehen“.
933 2019 980 2083 Ac
1002 2016 1211 2099 Reichius²):
1245 2018 1371 2098 „Unser

179 2124 343 2201 Prozess“‚
374 2122 494 2204 inquit,
527 2141 621 2200 „wan
651 2121 710 2186 wie
741 2120 978 2187 Demosthenes
1010 2128 1098 2205 sagt,
1132 2121 1204 2187 eine
1233 2120 1372 2207 φθόνου

179 2232 273 2314 δίκη,
304 2230 514 2309 angestrengt
542 2225 578 2292 ἐκ
608 2229 816 2310 περιουσίας,
847 2225 879 2289 in
911 2224 1049 2290 welcher
1080 2224 1132 2289 die
1154 2223 1291 2289 Gesetze
1310 2248 1372 2290 nur

179 2331 264 2396 dezu
286 2329 400 2395 dienen
427 2334 580 2408 mussten‚
604 2329 709 2393 einem
725 2328 862 2393 masslos
885 2328 1078 2393 erbitterten
1096 2327 1291 2411 politischen
1305 2329 1371 2394 und

180 2432 406 2519 persbnlichen
423 2432 543 2497 Feinde
566 2454 623 2497 zur
637 2431 871 2515 Belriedigung
893 2433 1001 2497 seiner
1015 2431 1126 2496 Rache
1142 2453 1182 2496 zu
1197 2432 1371 2498 verhelfen.

179 2541 216 2605 ln
251 2538 358 2603 dieser
388 2536 547 2620 richtigen
583 2534 778 2601 Erkeuntnis
810 2535 870 2600 hat
901 2535 985 2601 denn
1023 2535 1107 2600 auch
1137 2535 1371 2601 Demosthenes

179 2644 212 2709 in
237 2643 343 2708 seiner
360 2640 595 2723 Verteidigung
618 2639 690 2705 dem
715 2640 912 2726 παράνομον
934 2639 1051 2704 keinen
1073 2642 1244 2723 griiaseren
1266 2640 1371 2705 Raum

179 2746 398 2830 zugestanden
422 2744 469 2811 als
492 2744 557 2809 ihm
581 2743 769 2827 gebiihrte“.
815 2735 1018 2828 Quamquam
1050 2741 1114 2807 hae
1138 2741 1372 2827 explicationes

180 2852 285 2936 primo
317 2850 475 2933 adspectu
505 2847 627 2912 habere
658 2847 818 2929 videntur,
849 2869 913 2932 quo
944 2868 979 2913 se
1002 2846 1236 2925 commendent,
1261 2852 1370 2911 tamen

180 2977 244 3021 non
276 2954 331 3019 diu
364 2954 397 3017 in
431 2953 478 3017 eis
511 2950 723 3017 manebimus.
768 2952 852 3016 Nam
887 2951 1041 3017 debuitne
1072 2949 1305 3015 Demosthenes
1341 2950 1370 3015 ei
1474 3036 1477 3039 ἡ

182 3056 473 3143 argumentationis
511 3055 689 3120 adversarii
728 3056 831 3139 parti,
873 3076 958 3139 quae
993 3053 1081 3138 apud
1114 3053 1205 3119 illum
1239 3054 1371 3118 maximi

182 3163 334 3249 ponderis
357 3161 429 3239 fuit,
460 3165 527 3225 tam
549 3179 683 3243 parvam
707 3158 769 3223 vim
797 3158 966 3224 tribuere?
1010 3158 1152 3237 Minime,
1176 3162 1265 3242 puto.
1310 3160 1370 3223 Ao·

182 3268 310 3333 schines
325 3265 409 3333 enim
420 3262 661 3348 Ctesiphontem
677 3267 885 3349 παρανομίας
902 3266 1114 3328 accusaverat
1125 3263 1199 3327 etin
1208 3261 1372 3346 capitibus

183 3370 339 3436 orationis
361 3368 467 3451 primo
490 3388 529 3433 ac
552 3365 694 3431 secundo
717 3365 781 3430 duo
803 3365 860 3430 illa
883 3363 1060 3453 παράνομα
1075 3387 1135 3450 por
1153 3365 1373 3449 quadraginta

182 3471 407 3558 paragraphus
422 3470 676 3536 luculentissime
693 3475 904 3537 tractaverat.
923 3472 1031 3553 Atque
1048 3468 1371 3551 etiamsiGtesiphon·

181 3579 224 3641 tis
251 3575 417 3640 decretum
442 3579 555 3639 contra
576 3572 663 3656 leges
686 3573 809 3639 lactum
826 3573 977 3639 Aeschini
999 3574 1202 3639 occasionem
1227 3572 1293 3637 odii
1317 3572 1373 3636 diu

183 3680 317 3745 coerciti
339 3680 372 3743 in
388 3677 638 3743 Demosthenem
655 3676 840 3742 effundendi
857 3677 1011 3761 praebuit
1031 3682 1065 3742 et
1079 3676 1134 3741 ille
1149 3675 1372 3741 adversarium

184 3784 381 3868 gravissimis
411 3781 563 3847 conviciis
593 3781 757 3847 incessivit
785 3802 843 3864 spe
872 3780 1033 3845 adductus
1060 3802 1094 3845 se
1116 3779 1371 3845 inimicissimum

182 3887 343 3953 hominem
366 3887 398 3951 in
421 3890 612 3970 perpetuum
636 3885 814 3967 ignominia
836 3884 1028 3949 offecturum
1053 3891 1086 3949 et
1103 3884 1143 3948 de
1158 3883 1206 3948 rei
1223 3882 1373 3967 publicae

184 3991 420 4075 gubernatione
457 3989 707 4054 deturbaturum
744 4010 829 4067 esse,
873 3995 982 4053 tamen
1019 3989 1120 4053 totius
1156 3985 1373 4052 accusationis

184 4094 398 4159 fundamenta
413 4093 446 4157 in
462 4093 508 4156 eis
525 4090 687 4175 capitibus
703 4091 810 4175 posita
826 4098 927 4171 erant,
948 4092 981 4155 in
1002 4091 1120 4175 quibus
1136 4091 1175 4156 de
1191 4088 1372 4155 rationibus

273 4336 299 4403 1)
318 4334 351 4387 L.
370 4352 394 4387 c.
415 4353 442 4403 p.
464 4334 502 4387 15.

272 4420 498 4489 Dhcpffl
