3242 5259
789 542 1004 603 -23-

309 714 364 797 qui
394 733 454 797 pro
483 713 550 777 his:
581 709 668 797 πλὴν
698 709 757 778 ἐάν
789 737 881 790 τινας
910 707 929 779 ὁ
960 714 1064 796 δῆμος
1093 706 1289 796 ἢῆβουιὴ
1312 712 1500 805 sperma

310 817 416 882 dicat:
451 814 510 884 ἐὰν
530 813 576 902 μὴ
598 811 617 883 ὁ
640 810 743 901 δῆμος
765 818 962 900 ψηφίσηται.
1009 817 1115 897 Atque
1143 812 1186 877 ad
1216 812 1299 877 haec
1320 811 1501 897 praeterita

309 918 410 986 verba
439 918 460 1006 ἢ
492 916 645 1006 ἡβοιιλὴ
674 914 900 982 Roemheldtio
915 916 940 999 ¹)
974 937 1103 1001 quoque
1135 916 1362 982 Demosthenis
1398 914 1500 980 verba

310 1029 459 1108 spectare
496 1022 655 1087 videntur.
711 1020 779 1087 Nec
816 1041 893 1085 vero
930 1020 1065 1086 dubium
1104 1031 1169 1101 est,
1206 1020 1239 1085 id
1276 1019 1364 1103 qnod
1400 1040 1500 1103 supra

311 1130 354 1212 (p.
383 1129 436 1211 17)
460 1124 604 1211 exposui,
641 1124 719 1209 quin
752 1130 846 1189 actor
876 1125 1099 1208 exceptionem
1122 1125 1187 1189 iarn
1213 1124 1309 1209 'apud
1343 1122 1500 1188 heliastas

310 1228 493 1315 protulerit.
538 1228 631 1308 Quod
659 1233 769 1295 autom
794 1227 1053 1293 additamentum
1086 1227 1167 1294 illud
1195 1226 1387 1316 ἢὴβουλὴ
1412 1226 1501 1311 apud

312 1333 504 1399 Aeschinem
532 1353 593 1397 non
624 1332 795 1411 invenitur,
831 1333 904 1416 ipse
933 1332 1177 1398 Roemheldtius
1205 1331 1286 1396 nihil
1316 1330 1501 1396 interfuisse

312 1442 423 1502 censet
445 1438 528 1502 haec
549 1436 650 1503 rerba
672 1436 888 1514 euomuisse,
912 1457 951 1501 ac
974 1457 1015 1501 ne
1032 1434 1230 1520 Franhiusi)
1253 1435 1382 1520 quidem
1402 1441 1502 1517 negat

312 1540 539 1606 Demosthenis
578 1538 677 1605 verba
701 1560 739 1605 ao
769 1539 887 1605 reterri
922 1561 986 1605 non
1015 1561 1111 1625 posse
1138 1539 1264 1605 diceus:
1302 1538 1389 1619 „Auf
1412 1538 1502 1604 disse

315 1644 528 1728 Weglassung
544 1643 595 1709 dic
613 1644 723 1709 Worte
738 1654 807 1713 τῶν
829 1639 857 1712 δ’
880 1640 1039 1730 ἀφαιρῶν
1051 1644 1134 1730 μέρη
1149 1666 1189 1709 zu
1205 1642 1370 1723 beziehen,
1393 1664 1501 1708 woran

313 1748 431 1813 Dissen
455 1748 614 1827 erinnem,
646 1748 729 1813 dazu
762 1747 889 1813 scheint
910 1747 969 1813 der
990 1746 1199 1831 Gegenstaud
1230 1770 1270 1812 zu
1289 1746 1502 1831 geringt‘dgig,

313 1852 506 1935 wenigstens
536 1852 650 1919 nissen
682 1852 739 1917 wir
766 1851 884 1917 keinen
914 1850 1122 1917 erheblichen
1150 1850 1264 1917 Grund
1292 1851 1352 1917 mit
1381 1851 1505 1933 einiger

311 1955 554 2021 Bestimmtheit
584 1956 787 2040 anzugebcn‚
823 1954 962 2021 welcher
992 1954 1169 2021 Aeschines
1198 1954 1365 2023 bestimmt
1395 1953 1504 2019 haben

313 2058 443 2139 kdnnte,
467 2057 487 2147 ἢ
511 2057 532 2145 ἡ
553 2058 661 2147 βουλὴ
684 2060 929 2143 uegzulassen“.
972 2058 1191 2139 Quamobrem
1213 2057 1504 2142 Baerwinkelius3)
1600 2075 1601 2160 A

315 2163 543 2229 Demosthenis
566 2164 687 2231 crimen
716 2164 764 2229 ita
786 2163 950 2247 explicare
972 2163 1055 2242 vult,
1085 2169 1122 2228 ut
1149 2162 1257 2228 verbis
1278 2162 1321 2227 ab
1344 2161 1504 2227 Aeschine

313 2266 345 2330 in
370 2268 444 2351 §44
468 2267 576 2333 allatis
598 2288 662 2332 non
685 2273 789 2333 totam
809 2268 913 2351 legem
931 2267 1168 2352 Dionysiacam,
1191 2266 1248 2333 sed
1264 2265 1360 2331 modo
1375 2272 1503 2351 partem

314 2370 382 2435 eius
399 2371 556 2437 contineri
578 2376 680 2455 putet.
714 2370 782 2436 Nec
805 2392 882 2437 vero
898 2371 1002 2456 capio,
1023 2392 1064 2436 ea
1079 2372 1267 2437 coniectura
1283 2391 1348 2454 quo
1368 2374 1504 2454 spectet.

314 2474 374 2539 Vir
394 2474 477 2538 eninr
502 2474 617 2540 doctus
647 2482 789 2539 actorem
820 2496 893 2541 eam
921 2482 1050 2541 tantum
1080 2477 1161 2560 legis
1191 2480 1318 2560 partem
1348 2474 1506 2540 recitasse
1600 2475 1601 2484 ’

246 2658 249 2662 .
315 2598 354 2641 ac
382 2582 543 2643 tractasse
576 2578 735 2659 affirmat,
768 2600 833 2663 qua
859 2579 1064 2646 adversarios
1087 2602 1122 2647 se
1144 2579 1335 2645 defensuros
1357 2599 1428 2643 esse
1450 2598 1507 2643 ex·
1599 2623 1600 2634 ι

316 2686 505 2763 spectasset.
540 2682 774 2748 Demosthenes
798 2688 907 2748 autem
923 2684 974 2749 his
995 2686 1075 2769 ipsis
1094 2684 1294 2768 argumentis
1316 2705 1395 2749 usus
1417 2682 1506 2766 quid,

319 2804 456 2867 quaeso,
494 2785 682 2853 adversario
713 2792 826 2871 posset
854 2788 980 2853 crimini
1009 2788 1111 2853 dare?
1154 2788 1234 2854 Cum
1265 2787 1348 2853 enim
1379 2792 1507 2853 ceteras

315 2886 397 2970 legis
420 2888 635 2970 condiciones,
659 2912 740 2974 quas
762 2890 936 2957 Aeschines
955 2893 1072 2972 omisit,
1103 2892 1145 2957 ad
1171 2913 1239 2956 rem
1262 2890 1342 2955 nihii
1367 2890 1507 2956 valuisse

316 2991 386 3074 ipse
408 2990 662 3059 Bacrwiukelius
691 3002 841 3079 exponat,
865 3017 928 3060 non
951 2998 1157 3081 perspicitur,
1188 3016 1247 3060 cur
1270 2993 1506 3061 Demosthenes

318 3095 359 3159 ad
383 3095 465 3160 alias
488 3097 647 3179 quasdem
670 3097 751 3182 legis
772 3099 987 3185 Dionysiacos
1012 3107 1124 3184 partes
1154 3100 1390 3185 provocaverit
1420 3117 1506 3182 quae
1599 3121 1600 3194 ι

316 3198 436 3265 nullius
458 3202 612 3265 momenti
637 3207 670 3267 et
693 3224 712 3265 a
733 3224 769 3269 re
790 3205 962 3289 proposita
983 3205 1079 3289 plane
1103 3204 1209 3269 aliona
1224 3203 1354 3269 inerint.
1388 3202 1506 3285 Itaque

316 3304 487 3389 proposuit
521 3303 618 3369 aliam
654 3310 847 3373 sententiam
881 3308 1057 3393 Rabius⁴)‚
1092 3308 1178 3393 apud
1213 3329 1308 3391 quem
1346 3307 1504 3391 scriptum

316 3406 478 3471 videmus:
508 3408 624 3487 „Diese
649 3410 759 3476 Worte
788 3413 846 3495 (sc.
870 3413 994 3499 νόμους
1015 3421 1206 3500 μεταποιῶν
1228 3413 1310 3495 κτλ.)
1341 3410 1400 3475 hat
1428 3430 1506 3474 man

317 3510 428 3575 hisher
458 3511 543 3575 noch
578 3512 667 3576 nicht
697 3514 817 3598 richtig
844 3514 1039 3599 aufgeiasst:
1073 3517 1120 3581 sie
1152 3515 1307 3581 beaieheu
1344 3514 1415 3579 sich
1448 3514 1509 3578 aui

319 3613 433 3679 Aesch.
451 3617 468 3699 ξ
488 3619 559 3679 45“.
605 3616 669 3681 Sed
693 3639 757 3701 quo
780 3620 851 3683 iure
869 3619 904 3684 id
928 3620 1137 3685 statuendum
1161 3621 1212 3697 sit,
1233 3640 1293 3683 nec
1317 3619 1365 3682 vir
1388 3616 1506 3682 doctus
1598 3641 1599 3682 1

318 3718 388 3799 ipse
419 3715 551 3783 disserit
580 3741 685 3803 neque
715 3722 798 3788 alius
822 3725 994 3808 quisquam
1016 3724 1192 3807 intelleget.
1236 3723 1315 3787 Cum
1339 3727 1448 3786 autem
1470 3722 1504 3785 in

318 3819 404 3886 libro
434 3820 503 3887 eius
534 3822 665 3889 litterae
693 3825 866 3891 verborum
900 3834 933 3892 et
961 3828 1284 3893 Demosthenioorum
1316 3827 1440 3912 νόμους
1474 3832 1508 3889 et

320 3920 477 4007 ἀφαιρῶν
505 3927 587 4014 μέρη
619 3933 652 3993 et
676 3931 928 3996 Aeschineorum
957 3931 1049 4022 νόμῳ
1080 3937 1113 3996 et
1142 3940 1247 3999 ταῦτα
1270 3926 1379 4016 ἀφέλῃ
1407 3929 1507 3995 latius
1598 3963 1599 4016 p
