3242 5259
612 636 654 655 s.
701 592 825 701 pf.

121 770 310 854 orationem,
334 784 465 861 reperta
486 778 606 842 callida
628 780 898 865 interpretatione
923 784 963 848 de
980 768 1326 872 §soruoipcrspeioote‘

120 880 205 947 hanc
228 880 354 965 partem
378 883 433 961 sic,
456 890 493 947 ut
515 882 661 966 legimus,
685 884 890 952 elaborasse:
914 908 978 971 quo
1001 890 1108 972 posito
1129 888 1309 974 intellegas,

122 1006 180 1049 cnr
205 983 438 1051 Demosthenes
472 986 526 1051 hic
554 986 635 1052 nihil
663 990 859 1073 respondeat
880 990 921 1057 de
943 992 1214 1077 interpretatione
1237 987 1324 1077 ista,¹

121 1110 218 1173 quam
248 1108 312 1179 non
342 1088 547 1156 audivisset“.
593 1092 686 1157 Hanc
709 1115 785 1158 vero
809 1115 939 1162 causam
956 1118 1051 1182 esse,
1083 1097 1170 1182 quod
1195 1098 1312 1163 Demo·

120 1194 251 1259 sthenes
282 1192 471 1260 adversario
502 1194 625 1262 obiciat
656 1216 728 1261 eum
747 1205 859 1282 partes
882 1198 989 1284 legum
1013 1208 1215 1286 amputasse,
1247 1204 1313 1268 iam

122 1296 283 1363 Frankius
299 1298 324 1381 1)
347 1304 447 1382 negat
470 1297 597 1365 dicens:
621 1300 834 1384 „Unmiiglich
856 1303 898 1368 ist
921 1303 989 1369 dies
1008 1305 1107 1384 nicht,
1130 1306 1210 1370 aber
1232 1328 1313 1389 ganz

120 1398 447 1482 unnahrscheinlich,
477 1402 519 1468 da
543 1403 720 1469 Aeschines
747 1405 798 1470 die
821 1405 938 1472 beiden
959 1407 1312 1492 Gesetnwidrigkeiten,

82 1552 87 1565 .
115 1505 173 1569 ‘elie
193 1506 226 1571 in
250 1504 322 1571 dem
347 1508 500 1591 Antrage,
522 1508 614 1573 einen
636 1508 1082 1595 Rechenschat’tspflichtigen
1103 1512 1155 1577 im
1171 1513 1313 1579 Theater

120 1632 160 1675 zu
189 1609 390 1692 hekriinaen,
421 1631 460 1677 zu
490 1609 605 1695 liegen'
624 1612 793 1694 schienen,
825 1614 870 1679 im
892 1614 1074 1699 Gegensatz
1102 1638 1171 1683 zum
1195 1617 1313 1682 Demo-

122 1715 253 1781 sthenes
283 1714 347 1781 'ron
377 1716 569 1785 roruhercin
600 1716 652 1782 fiir
682 1716 745 1782 viel
776 1740 815 1782 zu
837 1718 965 1803 wichtig
988 1720 1134 1800 ansieht,
1164 1720 1213 1786 als
1236 1720 1312 1787 dass

121 1839 158 1883 er
190 1818 281 1885 nicht
314 1821 406 1887 einen
441 1840 477 1885 so
512 1820 595 1885 nahe
624 1820 793 1905 liegenden
823 1822 978 1899 Einrrand
1008 1824 1065 1889 des
1094 1824 1240 1908 Gegners
1268 1826 1313 1890 im

121 1922 248 1991 Verane
270 1922 413 1991 bedueht
432 1923 539 1989 haben
556 1924 679 1989 sollte“.
723 1925 884 1991 Profecto.
929 1928 1016 1992 Satis
1031 1928 1115 1993 enim
1131 1928 1314 2013 apparebat

122 2046 194 2093 cum
224 2026 349 2101 iudices
372 2033 441 2093 tum
465 2027 715 2095 Demosthenem
738 2030 843 2113 ipsum
872 2033 1094 2116 exceptionem
1120 2031 1210 2097 illam
1239 2053 1311 2097 esse

120 2131 272 2205 omissam
314 2132 423 2201 statim
451 2138 493 2199 'et
524 2139 753 2218 perspecturus
788 2139 822 2198 et
854 2134 1077 2220 patefacturos
1113 2157 1193 2201 esse.
1248 2135 1313 2201 Sed

121 2234 199 2317 quid
222 2236 352 2308 omnino
373 2236 473 2304 luisse
499 2236 663 2303 Dissenius
685 2243 790 2322 putat,
815 2258 873 2303 cnr
896 2238 1071 2305 Aeschines
1093 2238 1197 2323 legem
1223 2240 1313 2305 illam

122 2336 334 2422 haereticae
358 2339 563 2409 decurtatam
587 2340 746 2407 afferret?
791 2342 876 2407 Num
899 2342 1056 2408 credibile
1079 2347 1137 2423 est,
1166 2342 1201 2407 id
1224 2343 1312 2427 quod

121 2443 398 2539 rirdoctissimus
422 2444 595 2525 contendit,
616 2465 688 2510 eum
705 2446 738 2512 in
754 2446 874 2512 iudicio
892 2467 956 2512 non
971 2446 1135 2527 habuisse,
1159 2448 1313 2531 quemad·

121 2547 252 2621 modum
296 2548 517 2633 exceptionem
557 2549 637 2632 legis
671 2550 708 2627 in¹
737 2570 829 2615 snam
861 2555 987 2634 partem
1016 2549 1313 2636 interpretaretur?

120 2650 262 2721 thaimo.
307 2652 391 2721 Nam
414 2652 659 2719 subtilissimam
681 2652 722 2717 de
742 2653 939 2739 Dionysiaca
960 2655 1031 2738 lege
1053 2654 1312 2738 disquisitionem

122 2756 299 2828 Aeschines
341 2754 415 2823 ideo
456 2756 559 2822 solnm
591 2757 794 2837 instituerat,
828 2763 866 2822 ut
898 2758 939 2822 ad
975 2758 1056 2841 legis
1091 2759 1314 2843 exceptionem

121 2880 301 2945 prouocare
332 2858 527 2929 adversariis
557 2880 620 2926 non
651 2862 749 2925 licere
771 2861 1019 2926 demonstraret.
1064 2862 1187 2942 Quodsi
1208 2851 1313 2946 ipsam

122 2966 231 3048 legem·
248 2964 476 3051 Dionysiacam
500 2964 589 3049 apud
613 2964 736 3030 iudices
759 2966 922 3045 tractarit,
945 2966 1090 3032 dubitari
1112 2987 1175 3030 non
1195 2971 1312 3050 potest,

122 3069 200 3151 quiu
224 3068 447 3153 exceptionem
470 3088 600 3151 quoque
621 3068 803 3153 protulerit.

208 3170 276 3237 Nec
309 3190 385 3238 raro
414 3162 548 3251 desunt,
584 3172 638 3255 qui
674 3170 862 3237 Aeschinem
897 3173 998 3239 totius
1031 3172 1113 3257 legis
1146 3173 1179 3236 in
1213 3190 1313 3238 causa

121 3276 317 3346 mentionem
333 3294 396 3342 non
412 3275 537 3356 secisse,
552 3276 778 3360 paragraphos
794 3281 902 3341 antem
916 3282 1043 3343 35-48
1055 3282 1170 3361 postea
1182 3277 1311 3343 demum

122 3400 182 3464 per
224 3379 361 3463 liguram
403 3378 578 3467 ὑποφορᾶς
620 3380 686 3445 sive
716 3379 926 3445 subiectionis
958 3372 1134 3447 adiecisse
1151 3387 1312 3449 censeant.

122 3486 198 3575 Qua
223 3470 344 3567 figura
362 3490 570 3551 accusatores
599 3484 725 3568 antiqui
758 3484 946 3567 saepissima
977 3484 1175 3565 utebantur,
1206 3491 1243 3552 ut
1263 3487 1312 3550 ita

122 3589 302 3655 adversarii
339 3592 532 3673 argumenta
567 3578 848 3671 praeoccuparent
886 3593 985 3671 atque
1017 3594 1115 3653 antea
1144 3588 1314 3654 diluerent.

122 3693 260 3761 Constat
289 3713 366 3759 roro
397 3694 482 3757 inter
511 3713 622 3757 omnes
651 3692 684 3756 in
714 3692 880 3757 Aeschinis
911 3692 1059 3756 oratione
1082 3692 1314 3777 Ctesiphontea

122 3796 294 3863 nonnullas
322 3796 539 3863 subiectiones
571 3796 724 3881 reperiri,
757 3816 839 3879 quas
867 3816 931 3861 non
954 3801 1030 3861 ante
1053 3794 1144 3861 litem
1166 3797 1314 3861 inventas

122 3907 155 3965 et
178 3900 266 3986 apud
294 3898 418 3965 iudices
441 3899 596 3983 prolatas,
627 3899 683 3965 sed
707 3899 938 3964 retractandae
961 3898 1090 3965 demum
1114 3900 1315 3965 accusationi

121 4007 262 4071 insertas
277 4004 423 4087 locisque
439 4002 634 4087 quibusdam
650 4002 878 4068 Demosthenis
893 4004 1061 4087 oppositas
1079 4024 1149 4068 esse
1165 4009 1312 4088 apparet.

121 4109 204 4173 Toto
233 4108 334 4191 igitur
364 4128 481 4191 genere
510 4113 547 4171 ut
575 4107 609 4171 in
633 4106 768 4171 aliorum
793 4108 894 4171 sicin
919 4106 1086 4171 Aeschinis
1111 4106 1313 4171 orationibus

121 4232 218 4277 verae
249 4212 378 4295 quidem
410 4217 443 4275 et
472 4212 562 4295 prius
586 4211 784 4293 compositae
808 4209 1058 4294 anticipationes
1081 4209 1313 4293 disiungendae

99 4320 198 4408 ,sunt
221 4314 263 4381 ab
287 4316 341 4394 eis,
366 4335 449 4397 qnae
473 4315 660 4380 adversario
683 4314 793 4378 furtim
818 4314 975 4397 abreptae
999 4335 1037 4378 ac
1053 4320 1168 4398 postea
1184 4314 1312 4379 demum

121 4448 327 4467 m*

210 4542 235 4608 1)
254 4518 287 4597 L.
306 4558 330 4594 o.
349 4558 375 4610 p.
395 4542 453 4594 379.

1087 4626 1104 4677 2
