3242 5259
640 516 853 577 *al-

151 677 271 749 verbis
289 686 358 749 siue
388 683 455 748 ulla
487 684 689 749 dubitatione
717 683 815 749 fidem
845 685 1019 764 haberent,
1049 693 1156 752 tamen
1186 688 1340 753 credibile

152 794 203 853 est
216 809 275 871 per
290 788 363 853 illos
379 787 534 882 homines,
557 790 584 853 si
599 809 663 853 non
679 790 795 867 omnia,
821 795 855 853 at
870 789 981 872 aliqua
997 789 1132 855 alterius
1148 798 1340 875 argumenta

151 892 193 956 ad
232 891 369 958 alterum
409 891 537 977 perlata
571 913 649 957 esse.
706 892 854 972 Accedit,
896 892 982 982 quod
1017 914 1080 957 non
1114 893 1209 959 modo
1242 895 1339 960 fando

151 996 284 1076 audire,
313 996 369 1061 sed
393 997 492 1060 etiam
515 1018 555 1065 ex
579 995 756 1061 adversarii
779 995 891 1061 libello
915 996 955 1060 ad
980 996 1206 1079 magistratum
1230 998 1338 1064 delato

150 1105 183 1165 et
211 1098 445 1165 Demosthenes
476 1105 510 1163 et
537 1099 729 1180 Aeschines,
764 1121 849 1190 quae
880 1100 942 1166 sibi
971 1104 1004 1168 in
1036 1123 1135 1168 causa
1166 1102 1339 1191 refutanda

147 1202 271 1283 forent,
307 1203 439 1269 haurire
462 1208 647 1288 potuerunt.
693 1204 828 1270 Constat
848 1205 933 1269 enim
963 1226 1003 1274 ex
1030 1207 1100 1273 iure
1126 1207 1232 1271 Attico
1265 1206 1338 1273 dica

148 1307 247 1372 alicui
269 1308 393 1392 scripta
405 1307 447 1372 ab
459 1307 623 1373 iudicibus
635 1307 719 1373 diem
732 1307 774 1372 ad
789 1308 1013 1374 instruendam
1024 1310 1114 1375 litem
1127 1310 1337 1376 constitutam

148 1432 227 1490 ease,
243 1412 356 1495 quain
372 1412 513 1477 anacrisi
527 1416 699 1477 aecusator
716 1412 845 1498 quidem
861 1412 1008 1500 γραφὴν,
1030 1436 1106 1479 reus
1121 1412 1335 1502 ἀντιγραφὴν

146 1515 357 1581 iureiurando
381 1516 560 1582 firmarent.
605 1515 675 1579 Hac
701 1521 811 1581 autem
839 1517 872 1581 in
901 1518 1099 1584 iudicatione
1130 1519 1171 1584 ab
1194 1524 1335 1606 utraque
1436 1594 1439 1598 f
1521 1516 1523 1524 ’

146 1623 242 1702 parte
280 1642 352 1685 oum
381 1620 567 1685 testimonia
596 1618 794 1703 tabulaeque
823 1625 891 1686 tum
923 1622 1026 1706 leges,
1066 1623 1184 1707 quibus
1210 1644 1270 1708 pro
1301 1645 1336 1689 se
1412 1615 1413 1618 ¹

148 1720 285 1808 quisque
314 1724 497 1804 nitebatur,
528 1721 750 1789 afferebantur
780 1731 814 1789 et
841 1726 1047 1809 magistratui
1071 1727 1287 1795 tradebantur
1300 1729 1336 1811 ¹),

145 1827 193 1891 ita
214 1833 253 1892 ut
274 1827 449 1893 Aeschines
471 1826 520 1891 vel
543 1828 576 1891 in
600 1828 756 1908 anacrisi,
786 1849 884 1914 quam
908 1829 949 1894 ad
972 1829 1076 1915 legem
1101 1831 1336 1900 Demosthenes

145 1937 382 2014 provocaturus
419 1937 522 2011 esset,
561 1932 750 2019 neutiquam
786 1953 851 1997 non
888 1942 1127 2019 praenosceret.
1181 1935 1335 2002 Conscius

143 2035 245 2117 igitur
284 2040 545 2119 argumentorum
581 2042 615 2100 et
644 2056 769 2115 eornm,
807 2058 891 2121 quae
920 2038 1125 2117 adversarius
1152 2040 1186 2104 in
1208 2040 1334 2105 iudicio

145 2137 273 2219 afferre,
297 2145 330 2203 et
351 2138 490 2217 illorum,
516 2161 599 2223 quae
619 2140 690 2224 ipse
712 2160 877 2225 opponere
892 2149 1011 2226 posset,
1037 2144 1211 2210 aeschines
1225 2144 1330 2227 legem

143 2244 374 2329 Dionysiaoam
405 2244 493 2328 apud
515 2243 672 2309 heliastas
697 2265 756 2309 nec
779 2245 908 2311 silentio
936 2248 1145 2331 praeteriisse
1168 2248 1333 2332 putandus

143 2354 195 2412 est
216 2369 277 2413 nec
299 2368 414 2413 revera
435 2348 614 2432 praeteriit.

228 2490 246 2572 ξ
269 2494 310 2551 4,
332 2489 440 2566 Quare
463 2508 502 2552 ne
526 2508 565 2552 ea
587 2486 717 2572 quidem
741 2489 867 2555 ratione
890 2487 1016 2553 tollitur
1039 2488 1223 2569 difficultas,
1248 2512 1331 2573 quae

142 2592 227 2656 inest
254 2592 287 2655 in
318 2590 545 2656 Demosthenis
575 2591 824 2675 Ctesiphonteae
857 2593 893 2678 ἓξ
928 2598 988 2658 120
1020 2600 1053 2658 et
1079 2598 1147 2658 121.
1194 2594 1330 2678 Quoquo

142 2700 252 2760 autem
275 2716 334 2759 nos
358 2696 559 2774 verterimus,
582 2700 620 2759 ut
642 2696 782 2760 oratoris
804 2696 1095 2780 breviloquentiam
1117 2697 1331 2781 probabiliter

130 2798 353 2883 explicemus,
384 2820 448 2863 uon
474 2806 584 2863 tamen
607 2799 648 2863 ad
672 2799 770 2864 aliam
797 2801 1016 2866 coniecturam
1040 2800 1240 2866 adducemur
1269 2803 1331 2867 nisi

143 2902 185 2966 ad
216 2902 409 2967 alterutram
441 2902 571 2967 illarum
600 2924 621 2967 a
648 2901 851 2968 Kirchhoffio
889 2904 1030 2969 secundo
1068 2905 1231 2987 tertioque
1250 2904 1330 2970 'loco

140 3008 384 3089 propositarum
393 3006 430 3089 2).
475 3005 557 3070 Nam
581 3006 732 3090 quoniam
752 3028 792 3071 ox
814 3008 869 3087 eis,
898 3028 981 3091 quae
1004 3006 1111 3073 adhuc
1134 3006 1223 3073 diota
1246 3014 1330 3087 sunt,

142 3111 222 3174 satis
259 3110 459 3192 intellegitur
496 3131 559 3174 non
596 3110 691 3174 modo
723 3110 951 3176 Demosthenis
982 3112 1097 3176 miram
1130 3112 1330 3178 defendendi

141 3216 301 3281 rationem
333 3214 375 3277 ab
405 3214 526 3279 actoris
556 3216 755 3296 argumentis
783 3217 880 3299 plane
911 3215 1103 3294 abhorrere,
1143 3215 1200 3281 sed
1231 3216 1329 3280 etiam

141 3317 310 3383 Aeschinis
333 3317 537 3382 adversarios
558 3317 695 3383 meliora
717 3318 818 3383 verba
839 3320 924 3402 apud
943 3318 1067 3385 iudices
1083 3318 1207 3399 fecisse,
1231 3341 1329 3402 quam

141 3442 225 3504 quae
247 3421 343 3486 hodie
365 3420 511 3505 legimus,
535 3427 639 3487 restat
652 3428 690 3486 ut
705 3443 909 3505 quaeramus,
930 3423 1164 3487 Demosthenes
1180 3424 1213 3487 in
1230 3444 1329 3489 causa

139 3531 248 3589 utrum
280 3524 457 3589 secundum
488 3525 684 3612 παράνομον
714 3525 809 3590 aliter
838 3526 1030 3591 tractaverit
1058 3548 1100 3590 au
1130 3532 1232 3591 totam
1256 3548 1327 3592 eam

137 3628 335 3693 defensionis
357 3634 485 3711 partem
506 3628 710 3693 mandaverit
731 3629 943 3713 Ctesiphonti.

225 3731 444 3797 Kirohhoffius
468 3734 562 3810 errim,
587 3739 624 3797 ut
645 3754 745 3816 supra
765 3736 809 3818 (p.
835 3734 887 3817 18)
912 3736 1240 3813 commemoravimus,
1268 3736 1326 3800 De·

138 3836 339 3900 mosthenem
360 3836 393 3900 iu
415 3836 535 3900 iudicio
565 3836 605 3901 de
634 3838 761 3901 coronis
783 3837 1006 3903 renuntiandis
1029 3858 1163 3921 prorsus
1184 3840 1326 3905 tacuisse

137 3946 241 4023 putat.
294 3939 351 4005 Cui
382 3939 512 4021 quidem
543 3962 733 4024 persuasum
764 3948 815 4006 est
844 3942 1022 4006 oraticnem
1053 3943 1325 4026 Ctesiphonteam,

138 4064 235 4125 quam
263 4044 297 4107 in
328 4043 476 4107 manibus
504 4044 676 4123 habemus,
712 4044 930 4110 Demosthene
967 4033 1168 4111 mortuo'ab
1200 4046 1324 4111 editore

225 4269 249 4334 1)
271 4267 313 4323 Of.
333 4286 373 4336 ea,
397 4285 466 4337 quae
490 4268 593 4322 dehac
612 4286 641 4322 re
666 4268 806 4323 disserunt
823 4268 949 4339 Lipsius:
976 4268 1035 4323 Der
1063 4270 1179 4324 attirclre
1206 4268 1323 4324 Process

136 4352 171 4407 II
188 4371 215 4423 p.
234 4356 285 4407 865
303 4372 377 4423 sqq.;
401 4354 598 4408 Schcemann.:
617 4354 797 4410 Griechiache
818 4354 1039 4409 AltertiimerI⁴
1059 4374 1085 4426 p.
1105 4358 1155 4409 528
1173 4374 1213 4425 sq.

223 4439 251 4508 2)
271 4439 312 4494 cf.
331 4458 414 4509 supra
430 4458 457 4509 p.
480 4442 519 4493 18.
