3242 5259
627 560 840 621 *tl-

138 732 246 796 verbis
276 732 344 795 sine
374 730 442 794 ulla
474 729 676 794 dubitatione
704 727 801 793 fldem
831 727 1006 806 haberent,
1035 734 1143 793 tamen
1172 729 1326 794 credibile

139 840 189 899 est
203 856 262 919 per
277 834 350 899 illos
365 833 520 927 homiues,
544 835 570 897 si
587 854 650 897 uon
666 834 783 911 omnia,
807 838 842 896 at
857 831 968 916 aliqua
983 831 1119 897 alterius
1134 840 1327 917 argumenta

138 937 180 1003 ad
219 938 356 1005 alterum
396 935 524 1022 perlata
558 958 636 1002 esse.
693 936 842 1015 Accedit,
883 935 970 1025 quod
1003 957 1066 1000 non
1101 935 1196 1001 modo
1229 937 1327 1002 lando

138 1042 271 1122 audire,
300 1042 357 1107 sed
381 1041 479 1105 etiam
503 1062 542 1110 ex
567 1040 744 1106 adversarii
767 1039 878 1105 libello
902 1040 943 1103 ad
966 1040 1193 1123 magistratum
1217 1039 1325 1105 delato

137 1151 170 1210 et
199 1145 433 1211 Demosthenes
464 1150 496 1209 et
525 1144 716 1224 Aeschines,
752 1164 836 1234 quae
868 1143 930 1209 sibi
959 1146 991 1211 in
1023 1165 1123 1211 causa
1152 1144 1326 1233 refutanda

135 1249 258 1328 forent,
295 1250 426 1319 haurire
450 1252 635 1333 potuerunt.
681 1248 816 1313 Constat
836 1248 921 1313 enim
951 1269 991 1316 ex
1017 1250 1088 1315 iure
1113 1249 1219 1314 Attico
1252 1248 1326 1314 dica

136 1354 234 1418 alicui
257 1354 380 1437 scripta
393 1353 434 1418 ab
447 1352 610 1418 iudicibus
623 1351 707 1417 diem
720 1350 761 1415 ad
777 1352 1001 1417 instruendam
1011 1352 1102 1418 litem
1114 1352 1324 1418 constitutam

136 1478 215 1536 esse,
231 1458 344 1541 quain
360 1457 500 1522 anaorisi
515 1460 687 1521 accusator
704 1455 832 1539 quidem
849 1454 996 1544 γραφὴν,
1019 1478 1094 1522 reus
1109 1453 1323 1544 ἀντιγραφὴν

134 1561 344 1627 iureiurando
369 1561 548 1627 firmarent.
593 1559 663 1625 Hac
690 1565 799 1625 autem
826 1560 860 1624 in
889 1560 1087 1626 iudicatione
1118 1560 1160 1625 ab
1183 1566 1322 1645 utraque
1424 1636 1427 1639 ‚
1508 1556 1512 1566 '

135 1671 229 1749 parte
268 1687 339 1731 cum
369 1665 556 1731 testimonia
585 1662 781 1747 tabulaeque
811 1669 880 1729 tum
911 1664 1014 1748 leges,
1054 1665 1172 1750 quibus
1198 1685 1259 1748 pro
1289 1686 1324 1730 se

135 1769 273 1855 quisque
301 1769 485 1849 nitebatur,
516 1766 738 1834 afferebantur
768 1774 801 1833 et
830 1769 1036 1852 magistratui
1059 1768 1275 1836 tradebantur
1288 1770 1324 1852 ¹),

133 1874 181 1938 ita
203 1879 240 1938 ut
262 1873 438 1939 Aeschines
459 1871 510 1937 vel
532 1872 564 1937 iu
588 1872 744 1950 anacrisi,
775 1892 873 1957 quam
896 1872 938 1937 ad
960 1872 1065 1957 legem
1089 1872 1324 1942 Demosthenes

133 1984 370 2062 provocaturus
407 1982 510 2056 esset,
549 1976 739 2060 neutiquam
774 1997 839 2041 nou
876 1984 1117 2062 praenosceret.
1169 1977 1324 2042 Conscius

133 2081 233 2164 igitur
272 2086 534 2165 argumentorum
570 2086 603 2145 et
633 2100 757 2159 eorum,
795 2102 879 2164 quae
908 2080 1114 2149 adversarius
1140 2082 1174 2145 in
1196 2080 1323 2146 iudicio

134 2184 262 2265 afferre,
285 2191 318 2250 et
340 2185 478 2263 illorum,
504 2205 588 2268 quae
607 2184 677 2267 ipse
701 2204 866 2269 opponere
881 2190 1001 2269 posset,
1026 2184 1201 2252 Aeschines
1214 2183 1319 2268 legem

132 2290 363 2375 Dionysiaeam
394 2289 481 2374 apud
504 2288 660 2353 heliastas
686 2309 745 2353 nec
768 2287 898 2353 silentio
924 2289 1135 2373 praeteriisse
1157 2289 1322 2373 putandus

133 2400 184 2459 est
206 2416 266 2460 uec
288 2414 402 2461 revera
424 2393 603 2477 praeteriit.

218 2536 235 2619 ξ
258 2540 287 2597 4.
321 2535 429 2613 Quare
451 2554 491 2597 ne
515 2552 554 2598 ea
576 2514 706 2617 quidem
730 2532 856 2596 ratione
879 2530 1005 2595 tollitur
1028 2531 1213 2611 difficultas,
1237 2552 1320 2615 quae

131 2639 216 2703 inest
243 2638 277 2702 iu
307 2636 534 2702 Demosthenis
564 2635 814 2719 Ctesiphonteae
847 2636 883 2721 ἧς
917 2640 977 2701 120
1009 2641 1043 2700 et
1068 2640 1137 2700 121.
1183 2637 1319 2721 Quoquo

132 2747 241 2806 autem
265 2762 323 2805 nos
347 2742 548 2819 verterimus,
572 2746 609 2804 ut
632 2740 771 2805 oratoris
793 2739 1085 2823 breviloquentiam
1106 2738 1321 2823 probabiliter

135 2844 342 2929 explicemus,
373 2866 437 2910 uon
463 2850 573 2909 tamen
596 2844 637 2909 ad
661 2845 760 2909 aliam
786 2844 1006 2909 coniecturam
1030 2842 1230 2908 adducemur
1259 2844 1322 2908 nisi

133 2949 174 3013 ad
206 2948 399 3014 alterutram
430 2948 560 3014 illarum
590 2969 610 3012 a
638 2946 841 3013 Kirchholfio
879 2946 1019 3013 seeundo
1057 2947 1221 3028 tertioque
1239 2946 1320 3012 'loco

130 3054 374 3137 propositarum
383 3052 419 3135 2).
464 3050 547 3115 Nam
571 3051 722 3135 quoniam
741 3072 781 3117 ex
803 3052 859 3130 eie,
887 3072 971 3134 quae
994 3049 1102 3115 adhuc
1124 3048 1213 3114 diota
1236 3055 1320 3127 sunt,

131 3158 212 3221 satis
249 3156 449 3238 intellegitur
485 3176 549 3219 non
585 3154 680 3219 modo
714 3155 941 3219 Demosthenis
972 3154 1087 3218 miram
1120 3153 1320 3220 defendendi

130 3262 291 3327 rationem
323 3260 365 3324 ab
395 3258 516 3324 actoris
546 3260 744 3342 argumentis
773 3260 870 3343 plane
900 3258 1094 3336 abhorrere,
1133 3257 1190 3322 sed
1221 3257 1320 3321 etiam

131 3364 300 3429 Aeschinis
323 3363 527 3428 adversarios
549 3361 684 3427 meliora
707 3362 807 3427 verba
828 3363 915 3446 apud
934 3361 1057 3427 iudices
1073 3361 1198 3442 fecisse,
1222 3382 1319 3445 quam

131 3488 215 3552 quae
237 3467 334 3531 hodie
355 3466 502 3550 legimus,
524 3471 629 3531 restat
643 3471 680 3530 ut
695 3486 900 3549 quaeramus,
921 3465 1155 3530 Demosthenes
1170 3466 1203 3529 in
1220 3484 1319 3529 causa

129 3578 239 3637 utrum
271 3570 447 3635 seeundum
478 3570 675 3656 παράνομον
704 3569 799 3633 aliter
828 3569 1021 3634 tractaverit
1049 3591 1091 3633 au
1120 3574 1222 3634 totam
1246 3589 1317 3633 earn

127 3674 326 3740 ¹defensionis
348 3680 475 3757 partem
497 3673 700 3738 mandaverit
722 3673 933 3757 Ctesiphonti.

215 3776 435 3843 Kirchhoffius
459 3778 552 3856 enim,
577 3783 614 3842 ut
636 3798 735 3860 supra
755 3780 799 3861 (p.
824 3778 878 3860 18)
902 3777 1231 3854 commemoravimus,
1258 3777 1317 3841 De·

128 3883 330 3947 mosthenem
351 3882 384 3945 in
406 3880 525 3945 iudicio
556 3879 596 3945 de
624 3882 751 3946 coronis
774 3880 997 3945 renuntiandis
1020 3901 1154 3963 prorsus
1176 3880 1316 3945 tacuisse

128 3993 231 4070 putat.
285 3985 342 4052 Cui
373 3985 503 4067 quidem
534 4005 724 4069 persuasum
755 3991 805 4049 est
835 3984 1013 4049 orationem
1043 3983 1316 4067 Ctesiphonteam,

129 4110 225 4173 quam
255 4090 288 4153 in
318 4088 468 4153 manibus
495 4089 667 4167 habemus,
703 4088 921 4153 Demosthene
958 4074 1159 4153 mortuo'ab
1191 4087 1316 4153 editore

216 4316 240 4381 1)
262 4314 304 4369 Ol.
324 4331 364 4382 ea,
388 4330 457 4383 quae
481 4313 514 4366 de
532 4311 584 4367 hac
603 4330 632 4366 re
657 4312 797 4367 disserunt
814 4311 941 4382 Lipsius:
968 4310 1026 4364 Der
1054 4313 1170 4366 attische
1197 4310 1315 4367 Proecse

127 4399 161 4455 II
179 4418 206 4469 p.
225 4402 276 4453 865
295 4418 369 4470 sqq.;
393 4399 589 4453 Schoemann.:
609 4398 789 4454 Griechische
809 4397 980 4452 Altertiimer
999 4397 1031 4450 I⁴
1049 4416 1077 4467 p.
1096 4400 1147 4451 528
1164 4416 1205 4467 sq.

214 4486 242 4555 2)
262 4486 303 4541 uf.
322 4504 405 4557 supra
422 4504 449 4555 p.
472 4488 511 4541 18.
