3242 5259
789 569 1004 646 *aad

299 742 325 821 6⁴
341 741 421 839 ὗμῖν
439 748 616 840 διεξῆλθον
636 751 713 832 τοὺς
735 754 810 837 περὶ
826 762 895 820 τῶν
913 751 1137 839 κηρυγμάτων
1152 742 1286 837 νόμους,
1301 740 1451 815 Reichius
1463 743 1487 832 ¹)

298 857 386 921 haud
426 856 508 921 male
549 857 686 920 adnotat
722 878 762 921 ex
791 855 910 940 plurali
940 856 996 920 illo
1026 854 1197 934 τοὺς...
1230 854 1355 941 νόμους
1386 855 1488 919 conici

299 982 396 1044 posse
419 967 580 1025 oratorem
607 960 743 1024 duarum
766 960 884 1043 legum,
908 966 941 1023 et
962 960 1080 1043 prioris
1104 965 1137 1022 et
1161 958 1375 1043 Dionysiacae
1398 958 1488 1042 legis,

299 1064 492 1130 mentionem
516 1064 639 1129 fecisse.
685 1063 748 1131 Sed
772 1064 907 1129 remotis
930 1063 981 1127 his
1005 1061 1154 1128 omnibus
1170 1065 1247 1145 quin
1264 1068 1377 1142 totum,
1402 1062 1486 1144 quod

298 1166 340 1233 ad
370 1174 515 1232 nostram
539 1173 680 1233 aetatem
703 1168 800 1245 venit,
833 1172 932 1251 caput
955 1166 994 1231 de
1019 1186 1157 1231 coronae
1181 1166 1420 1232 renuntiatione
1445 1165 1486 1230 ab

298 1271 456 1337 Aeschine
480 1272 567 1356 apud
582 1272 706 1336 iudices
721 1276 849 1336 oratum
867 1271 917 1348 sit,
940 1270 1085 1335 dubitari
1102 1291 1165 1333 uon
1180 1275 1289 1354 potest
1304 1276 1487 1353 propterea,

297 1376 384 1458 quod
415 1381 508 1440 actor
531 1397 603 1440 oum
633 1375 797 1458 permulta
829 1374 893 1439 alia
921 1395 1050 1452 eorum,
1083 1393 1168 1457 quae
1191 1374 1425 1439 Demosthenes
1455 1374 1487 1437 in

299 1500 399 1544 causa
429 1478 578 1545 dicturus
607 1485 707 1559 esset,
738 1485 806 1544 tum
838 1478 1043 1543 adversarios
1069 1477 1110 1543 ad
1134 1477 1362 1563 Dionysiacam
1383 1476 1487 1561 legem

296 1591 532 1667 provocaturos
548 1605 619 1649 esse
635 1583 820 1648 necessario
837 1582 966 1666 quidem
982 1588 1220 1665 praesenserat.
1257 1580 1338 1647 Nam
1357 1580 1487 1647 Aeschi-

195 1736 199 1744 .
298 1709 355 1752 nes
388 1688 572 1753 causidicus
605 1687 668 1753 fuit
700 1686 733 1751 in
760 1685 859 1752 rebus
890 1685 1073 1751 forensibus
1104 1691 1252 1751 versatus
1284 1706 1323 1750 ac
1352 1686 1487 1751 scientia

296 1792 376 1856 iuris
413 1791 591 1871 excellens,
631 1792 686 1874 qui
724 1789 852 1870 scribae
884 1789 1048 1873 quondam
1078 1810 1210 1855 munere
1240 1789 1371 1855 functus
1399 1789 1487 1873 leges

296 1895 484 1979 saepissime
514 1896 712 1961 recitaverat
740 1915 800 1959 neo
828 1915 943 1978 parum
969 1899 1172 1978 cognoverat.
1217 1893 1266 1959 hx
1289 1914 1353 1977 quo
1377 1898 1486 1959 autem

203 2024 205 2028 ¹
295 1999 364 2083 ipss
396 1999 429 2063 iu
458 1999 619 2083 suggestis
648 1998 854 2077 constiterat,
885 1998 994 2062 multis
1021 1998 1053 2061 in
1079 1997 1367 2063 orationibus'uon
1390 1997 1487 2062 ruodo

296 2124 355 2166 sua
388 2102 597 2182 confirmanS,
629 2102 805 2167 sedetiam
831 2108 1039 2185 argumenta,
1066 2101 1184 2184 quibus
1208 2101 1414 2168 adversarius
1438 2102 1487 2166 uti

295 2213 415 2290 posset,
444 2228 689 2290 praeoccupans
712 2213 811 2290 atque
834 2207 928 2270 irrita
951 2206 1073 2271 faciens
1096 2206 1199 2271 virum
1223 2207 1305 2292 iuris
1326 2212 1359 2271 ot
1378 2205 1487 2289 legum

294 2311 526 2393 peritissimum
546 2332 580 2375 se
598 2310 806 2395 praebuerat.
854 2312 968 2394 ltaque
992 2332 1056 2375 nou
1071 2309 1233 2393 intellego,
1259 2332 1317 2375 cur
1336 2310 1487 2375 hocloco

272 2435 367 2478 ¹eum
399 2413 660 2480 adversariorum
690 2419 882 2498 argumenta
912 2414 1087 2479 divinando
1119 2415 1279 2480 invenisse
1302 2414 1486 2499 negandum

294 2518 345 2597 sit,
369 2518 560 2602 praesertim
585 2541 658 2583 oum
675 2518 925 2584 Demosthenem
947 2516 989 2582 ad
1005 2517 1246 2603 Ctesiphontem
1264 2517 1485 2584 excusandum

293 2621 397 2704 legem
434 2623 660 2708 Dionysiacam
701 2622 878 2687 allaturum
919 2643 1000 2703 esse,
1032 2621 1105 2687 aliis
1141 2641 1270 2706 quoque
1303 2622 1486 2687 rationibus

293 2745 508 2810 praenoscere
545 2728 574 2791 ei
612 2728 734 2792 liceret.
781 2731 927 2812 Apparet
962 2725 1046 2791 enim
1078 2726 1287 2805 Aeschinem,
1326 2747 1410 2810 quae
1443 2726 1487 2791 ab

293 2829 491 2895 adversariis
514 2837 705 2915 exspectare
728 2837 847 2913 posset,
872 2831 969 2895 etiam
992 2846 1051 2913 per
1066 2831 1188 2895 amicos
1205 2831 1369 2916 accepisse
1386 2836 1486 2913 atque

294 2933 327 2996 in
350 2934 420 2997 iure
445 2932 615 2998 audivisse.
659 2933 742 2998 Nam
766 2932 941 2999 verisimile
968 2940 1116 2999 estante
1140 2955 1271 2999 causam
1288 2938 1396 2999 aotam
1412 2957 1486 3000 cum

294 3033 335 3101 ab
368 3036 492 3101 civibus
515 3037 767 3103 Atheniensibus
790 3045 857 3103 tum
884 3059 905 3102 a
924 3036 1130 3103 multitudine
1150 3038 1331 3117 hominum,
1364 3038 1419 3121 qui
1443 3038 1487 3102 ad

292 3139 447 3205 iudicium
475 3161 493 3204 e
515 3146 586 3205 tota
610 3141 749 3206 Graecia
772 3142 1035 3225 couveneraut2),
1064 3140 1194 3226 publice
1218 3147 1251 3205 et
1272 3142 1423 3226 privatim
1445 3142 1487 3206 de

292 3244 348 3308 lite
372 3263 536 3309 sermones
559 3244 690 3309 habitas
712 3267 751 3309 ao
767 3245 807 3309 de
824 3246 1033 3329 argumentis,
1058 3245 1175 3329 quibus
1195 3246 1360 3329 litigantes
1376 3251 1487 3311 esseut

291 3348 398 3427 usuri,
428 3348 462 3411 in
492 3353 665 3432 utramque
694 3356 822 3432 partem
850 3349 1050 3433 disputatum
1083 3371 1161 3415 esse.
1208 3348 1333 3427 Quibus
1360 3349 1393 3413 iu
1417 3371 1486 3414 ser·

291 3451 440 3516 monibus
473 3452 700 3536 Dionysiacam
738 3473 868 3535 quoque
902 3453 1005 3536 legem
1035 3452 1196 3536 prolatam
1226 3453 1486 3536 Aeschinemque

290 3554 332 3619 ab
363 3555 475 3620 amicis
504 3554 544 3619 de
574 3577 613 3619 ea
640 3556 797 3620 monitum
831 3577 918 3636 esse,
952 3557 1023 3639 quis
1056 3564 1120 3635 est,
1152 3558 1208 3640 qui
1235 3558 1354 3640 neget?
1379 3558 1486 3637 Quin

291 3660 389 3724 etiam
413 3658 452 3723 de
475 3657 661 3725 hominibus
683 3660 878 3742 quibusdam
901 3659 1094 3743 loquacibus
1116 3661 1166 3725 vel
1189 3660 1322 3744 perfidis
1345 3662 1486 3745 cogitari

289 3767 413 3845 potest,
445 3763 501 3846 qui
528 3762 755 3828 Demosthenis
787 3764 930 3829 rationes
965 3765 1006 3829 ad
1039 3764 1258 3829 adversarium
1289 3764 1487 3849 pertulerint

290 3886 435 3948 quosque
479 3866 778 3951 westermannus³)
816 3867 956 3933 vocabat
993 3868 1318 3951 „Zwischentriiger“.
1364 3870 1484 3948 Quam·

292 3990 389 4051 quam
421 3969 505 4032 enim
528 3968 598 4033 fieri
619 3991 683 4033 non
704 3972 821 4053 potuit,
845 3977 881 4035 ut
903 3972 1085 4054 litigantes,
1120 3973 1240 4055 quippe
1264 3993 1344 4055 quos
1368 3971 1485 4036 adrer-

290 4074 449 4137 sariorum
477 4072 610 4138 insidias
637 4078 789 4157 artesque
810 4095 926 4139 cavere
949 4095 1077 4157 semper
1099 4095 1180 4158 opus
1204 4082 1299 4153 esset,
1323 4075 1486 4140 eiusmodi

378 4334 403 4400 l)
423 4330 459 4385 D.
477 4330 523 4384 m.
541 4331 568 4384 d.
586 4349 645 4402 sog.
664 4350 712 4386 zw.
731 4332 800 4386 Red.
822 4334 848 4386 d.
867 4331 901 4386 R.
920 4351 947 4386 v.
966 4334 1012 4387 Kr.
1031 4353 1058 4403 p.
1076 4336 1118 4387 43.

379 4420 407 4484 2)
427 4418 468 4472 of.
487 4417 589 4471 Aesoh.
612 4437 650 4470 or.
672 4420 748 4489 pso.
785 4419 842 4472 Cic.
863 4419 897 4495 tle
916 4423 973 4487 opt.
991 4438 1053 4489 gen.
1074 4438 1113 4473 or.
1132 4424 1156 4487 7,
1177 4421 1219 4473 22.
1255 4421 1335 4473 Brut.
1370 4424 1411 4474 89.

376 4507 402 4574 3)
421 4503 501 4557 Deru.
522 4522 561 4557 or.
581 4506 621 4557 ed.
646 4503 763 4558 Weidm.
782 4505 887 4558 iutrod.
904 4524 930 4574 p.
951 4508 1013 4561 11⁵.
