3242 5259
582 569 798 629 ..65-

97 737 268 803 verisimile
303 742 354 800 est
387 736 637 800 Demosthenem
678 736 790 800 multis
829 738 909 801 locis
942 740 1166 802 commentarii
1200 738 1287 803 illius

96 841 225 924 quidem
249 846 346 906 antea
362 840 489 904 exarati
513 842 633 904 actoris
654 860 765 904 vocem
788 842 1010 925 perstringere
1032 840 1204 919 studuisse,
1229 840 1287 904 sed
1319 860 1323 865 ·

96 954 202 1008 tanuen
227 945 268 1008 ad
292 943 401 1021 verba,
432 964 516 1026 quae
539 949 730 1023 tractamus,
763 946 796 1008 in
825 944 945 1009 iudicio
966 945 1095 1008 demum
1118 944 1288 1028 delapsum

97 1070 175 1111 esse.
230 1049 297 1112 Nec
331 1049 398 1111 scio
434 1068 475 1109 an
508 1046 542 1110 id
576 1052 695 1128 egerit,
732 1054 769 1111 ut
803 1048 972 1112 Aeschinis
1003 1048 1221 1131 eloquentiam
1254 1049 1287 1111 in

96 1153 308 1234 suspicionem
338 1172 456 1215 vocans
486 1150 664 1214 adversarii
695 1157 888 1233 argumenta
910 1151 1071 1234 quaedam
1093 1153 1288 1235 necopinata

95 1256 290 1330 infirmaret,
321 1274 405 1336 quae
435 1274 497 1318 non
523 1253 619 1317 facile
639 1253 777 1318 refutari
799 1275 896 1338 posse
919 1258 988 1339 ipse
1009 1257 1172 1320 sensisset.
1217 1255 1287 1332 Quo

96 1359 228 1421 consilio
250 1357 327 1422 dum
351 1357 525 1422 Aeschines
548 1358 687 1435 dicebat,
722 1361 999 1441 comparationem
1020 1358 1120 1435 illam,
1142 1358 1176 1422 id
1199 1358 1288 1442 quod

95 1465 212 1527 iterum
239 1464 304 1525 iam
336 1482 435 1544 supra
471 1464 515 1544 (p.
539 1467 579 1525 49
603 1461 664 1547 sq.)
690 1464 848 1545 suspicati
879 1484 1000 1538 eumue,
1038 1464 1072 1525 in
1103 1461 1286 1525 chartulam

96 1567 239 1641 coniecit,
264 1564 379 1629 deinde
402 1566 435 1629 in
457 1566 605 1629 oratione
624 1565 739 1630 habita
764 1565 885 1630 attulit.
922 1566 1034 1648 Neque
1056 1567 1165 1629 omisit
1187 1564 1287 1628 verba

96 1670 134 1731 de
164 1667 331 1732 Sireuibus
362 1667 466 1744 facta,
502 1689 573 1732 curn
607 1669 872 1751 Ctesiphonteam
905 1670 937 1733 in
966 1669 1133 1752 publicum
1165 1669 1286 1732 ederet.

95 1773 332 1835 Commentario
357 1778 475 1849 autem,
510 1774 565 1855 qui
590 1772 773 1835 antediem
803 1772 915 1837 iudicii
937 1775 1079 1856 scriptus
1103 1779 1185 1848 erat,
1210 1777 1287 1855 post

95 1882 230 1939 mortem
251 1875 478 1939 Demosthenis
512 1896 575 1938 non
607 1876 711 1939 solum
741 1878 774 1939 in
804 1876 901 1940 scidis
930 1883 1071 1958 reperto,
1103 1876 1160 1939 sed
1187 1876 1286 1938 etiam

94 1978 216 2060 publici
246 1980 325 2059 iuris
353 1979 441 2043 facto
471 1982 504 2043 in
535 1982 822 2060 grammaticorum
856 1979 975 2044 scholis
1005 1980 1161 2043 lectiones
1191 1979 1286 2042 huius

93 2083 248 2146 emtionis
284 2082 370 2147 domi
405 2088 624 2166 praeparatae
656 2104 728 2147 eum
763 2084 851 2149 illius
880 2084 966 2166 apud
997 2083 1121 2147 iudices
1151 2081 1286 2145 habitae

95 2187 293 2268 compositae
318 2194 401 2251 sunt.
447 2188 554 2269 Atque
584 2194 621 2251 ut
646 2188 711 2250 alia
734 2189 958 2253 commentarii
979 2186 1090 2260 verba,
1120 2187 1166 2249 sic
1190 2206 1286 2266 argu-

93 2295 236 2352 mentum
268 2288 367 2360 illud,
397 2312 416 2353 a
441 2292 531 2354 cuius
564 2293 671 2373 prima
702 2294 890 2355 recensione
912 2293 1060 2355 Sirenum
1084 2289 1285 2371 comparatio

93 2395 218 2471 alterat,
242 2394 451 2476 respondenti
466 2394 537 2457 loco
554 2395 704 2458 editionis
718 2396 967 2478 Ctesiphonteae
984 2393 1094 2458 autad
1107 2394 1286 2474 marginem

92 2505 150 2561 aut
173 2518 273 2581 supra
295 2498 398 2561 lineas
423 2498 623 2580 adscriptum
648 2506 706 2563 est.
755 2500 922 2563 Librarius
949 2505 1068 2574 autem,
1092 2498 1211 2580 quippe
1235 2496 1286 2559 oui

91 2603 174 2664 bueo
198 2601 366 2683 adscripta
386 2603 555 2683 responsio
578 2603 692 2665 melior
715 2602 890 2679 videretur,
914 2623 1011 2685 quarn
1028 2622 1112 2684 quae
1134 2599 1286 2664 exstabat

90 2708 123 2768 in
152 2705 301 2769 oratione
323 2706 404 2786 ipsa,
428 2704 602 2769 secundnm
626 2706 721 2770 huius
744 2707 926 2787 argumenti
949 2707 1179 2778 recensionem,
1203 2722 1287 2785 quae

89 2814 225 2890 praeter
249 2808 314 2870 alia
336 2807 437 2871 verba
452 2807 599 2871 Sirenum
617 2811 894 2891 comparationem
914 2809 1117 2891 praebuit‚'e
1133 2813 1286 2871 contextu

88 2914 188 2975 eiecit
209 2918 242 2975 et
265 2912 488 2976 commentarii
510 2911 680 2974 lectionem
702 2914 734 2975 in
758 2914 925 2995 exemplar
946 2913 1182 2994 transscripsit.

179 3014 249 3093 Quo
272 3014 484 3091 factumest,
516 3022 553 3079 ut
576 3016 828 3080 Demostheniea
856 3017 972 3093 verba,
1003 3036 1087 3097 quae
1110 3014 1285 3078 Aeschines

85 3121 121 3180 in
148 3119 366 3181 accusationis
389 3120 425 3201 ,dg
448 3123 511 3181 228
536 3123 568 3180 et
591 3124 653 3182 229
675 3120 870 3202 propulsare
901 3120 1027 3195 studet,
1057 3124 1199 3181 aetatem
1222 3138 1286 3179 non

85 3223 225 3285 ferrent.

177 3532 263 3608 Quid
289 3554 366 3615 ergo
390 3534 464 3596 est?
509 3534 611 3610 Quem
634 3537 756 3599 exitum
780 3557 832 3599 res
855 3536 1015 3601 habebit?
1060 3541 1127 3620 Age
1150 3542 1214 3603 iam
1237 3542 1285 3605 ita

81 3635 368 3716 interrogantibus
394 3637 608 3720 explicemus,
641 3637 718 3720 quid
743 3638 804 3702 sihi
835 3641 913 3704 velit
935 3640 1008 3705 finis
1028 3643 1100 3721 iste,
1124 3645 1166 3707 ad
1189 3667 1285 3727 quem

80 3759 302 3821 pervenimus.

178 3844 223 3905 Ac
252 3844 392 3925 primum
416 3844 545 3925 quidem
577 3864 616 3906 ex
640 3846 701 3911 eis.
736 3866 820 3927 quae
842 3847 998 3924 diximus,
1031 3852 1111 3914 satis
1142 3854 1207 3916 iam
1236 3856 1286 3916 in-

79 3944 256 4008 tellectum
287 3952 367 4026 puto
395 3946 597 4029 aliquantum
629 3949 785 4012 interesse
812 3952 898 4013 inter
919 3951 1137 4018 defensionem
1162 3957 1283 4020 editam

80 4054 117 4110 et
141 4054 371 4131 propagatam.
416 4049 552 4113 Videtur
576 4054 660 4115 enim
683 4052 744 4115 hoc
766 4060 931 4117 constare:
956 4058 990 4118 in
1012 4058 1283 4124 Demosthenicae

79 4151 245 4213 orationis
266 4152 301 4235 ἓξ
328 4156 389 4215 120
412 4159 445 4215 et
465 4158 521 4216 121
549 4156 664 4236 prima,
691 4176 754 4218 non
777 4157 920 4220 secunda
942 4163 1087 4224 recensio
1111 4184 1282 4244 argumen-

78 4256 221 4317 tationis
244 4256 410 4318 ouiusdam
434 4257 559 4320 tradita
583 4265 649 4337 est3
672 4257 772 4321 verba
796 4267 914 4339 autem,
937 4283 1021 4343 quae
1044 4273 1280 4349 exspectamus

78 4380 144 4441 per
163 4356 375 4421 librariorum
399 4360 649 4442 imprudentiam
671 4361 916 4428 interciderunt.
948 4366 1069 4430 Contra
1082 4371 1279 4435 Aeschineae

78 4463 245 4525 orationis
269 4464 304 4545 §Q
328 4467 390 4525 228
415 4470 447 4527 et
468 4469 528 4528 229
553 4464 594 4526 ad
618 4466 792 4529 secundam
816 4470 1037 4533 recensionem
1054 4473 1279 4539 Demosthenis

1052 4578 1068 4629 5
