3242 5259
759 526 888 587 -58
932 559 976 569 ..-

273 696 461 781 suscepisse.
501 694 613 761 Nonne
627 695 728 777 igitur
743 693 971 759 Demosthenis
992 698 1064 758 erat
1083 715 1207 774 cavere,
1232 716 1272 759 ne
1289 694 1465 761 Aeschines

272 800 372 866 verba
410 801 479 866 sine
523 798 719 885 συνεγὸροις
758 798 885 863 faciens
917 796 1073 863 victoriae
1105 797 1226 864 fiducia
1259 797 1465 864 adversarios

271 910 441 991 praestare
457 902 645 969 videretur?
680 903 727 967 Ao
742 922 848 967 nonne
863 907 952 966 recte
967 900 1054 980 iecit,
1078 902 1165 985 quod
1182 902 1223 968 ob
1239 922 1311 968 eam
1331 924 1464 969 causam

219 1035 221 1039 ·
271 1016 427 1094 patronos
464 1007 561 1092 plana
598 1006 725 1072 silentio
762 1006 950 1090 praeteriit,
989 1012 1156 1089 tamquam
1192 1007 1221 1071 si
1257 1028 1316 1091 per
1346 1028 1380 1072 se
1416 1007 1464 1071 in-

271 1113 481 1196 tellegeretur
507 1110 587 1176 nihil
613 1132 692 1191 esso,
716 1130 774 1175 cur
790 1109 966 1175 advocatos
982 1108 1204 1175 adscisceret?
1238 1110 1323 1195 Ergo
1343 1111 1463 1177 iterum

272 1218 311 1283 de
330 1216 491 1281 industria
514 1215 556 1280 ad
579 1215 700 1279 actoris
720 1212 821 1279 verba
843 1234 906 1279 non
930 1213 1105 1299 respondit.
1136 1214 1332 1299 Neutiquam
1353 1222 1462 1281 autem

270 1321 404 1406 probari
426 1324 536 1404 potest
557 1340 630 1384 eum
653 1324 721 1405 tres
746 1316 821 1382 illas
843 1316 1071 1398 subiectiones,
1095 1340 1179 1403 quae
1197 1319 1230 1384 in
1245 1319 1463 1385 accusationis

271 1427 307 1511 ἐξ
329 1430 370 1490 54
393 1445 479 1507 sqq.‚
511 1427 629 1488 alsat
650 1426 730 1501 219,
762 1426 824 1487 257
848 1425 978 1487 exstant
999 1421 1040 1488 de
1063 1427 1219 1506 quattuor
1245 1433 1390 1509 καιροῖς,
1423 1422 1464 1489 de

271 1527 471 1607 Alexandro,
501 1526 541 1592 de
574 1524 775 1614 συνηγόροις
801 1524 1018 1605 advocandis,
1050 1525 1256 1610 indiligentia
1285 1526 1462 1593 adductum

271 1632 459 1716 neglexisse.
504 1632 606 1695 Immo
628 1650 704 1695 vero
728 1628 891 1695 sententia
913 1628 1081 1696 Schaefcri
1109 1636 1374 1715 ceterorumque,
1407 1633 1464 1716 qui

271 1735 522 1801 Demosthenem
550 1735 583 1799 in
605 1733 731 1801 edenda
752 1733 899 1799 oratione
923 1733 1155 1819 Ctesiphontea
1180 1735 1279 1801 anxia
1299 1756 1379 1801 cura
1399 1758 1465 1803 non

270 1839 370 1906 fuisse
392 1843 519 1925 putant,
542 1859 647 1922 neque
671 1837 743 1903 aliis
764 1836 846 1902 locis
868 1858 973 1920 neque
996 1836 1047 1903 his
1069 1838 1289 1904 confirmatur.

357 1945 463 2027 Atque
484 1947 522 2007 ut
544 1948 702 2007 summam
724 1940 883 2006 faciamus
905 1960 1034 2021 eorum,
1065 1962 1150 2026 qnae
1172 1941 1212 2008 de
1235 1942 1463 2009 Demosthenis

270 2049 397 2113 ratione
435 2045 599 2112 scribendi
637 2044 770 2111 uberius
803 2045 1055 2128 disputavimus,
1090 2044 1175 2111 hanc
1204 2046 1463 2131 disquisitionem

270 2152 470 2217 instituimus
504 2149 657 2216 arbitrati
690 2149 730 2228 de
760 2148 940 2214 defensoris
962 2150 996 2213 in
1018 2150 1201 2233 evulganda
1220 2152 1368 2216 oratione
1391 2150 1463 2216 dili·

271 2255 381 2339 gentia
413 2254 515 2328 multo
546 2256 667 2319 rectius
697 2253 843 2319 iudicare
871 2274 960 2330 eum,
989 2254 1046 2337 qui
1071 2254 1177 2337 ipsam
1199 2254 1464 2338 Ctesiphonteam

272 2359 428 2443 exploret,
460 2379 557 2442 quam
580 2358 681 2437 illum,
711 2358 767 2440 qui
790 2354 976 2435 Schaefero,
1003 2356 1140 2435 Blassio,
1164 2356 1299 2436 Loolfio,
1329 2358 1463 2424 Reichio

273 2462 461 2529 auctoribus
483 2483 561 2527 usus
587 2482 626 2527 oa
648 2481 707 2544 pro
731 2465 821 2525 certo
844 2458 975 2539 haheat,
1000 2482 1090 2544 quae·
1108 2462 1212 2545 primo
1235 2461 1393 2546 adspectu
1411 2484 1464 2528 res

272 2567 389 2632 docere
431 2565 588 2631 videatur.
644 2563 866 2659 Intelleximus
908 2569 1017 2629 autem
1051 2564 1302 2631 Demosthenem
1335 2566 1368 2630 in
1400 2567 1464 2631 hac

272 2672 419 2736 oratione
442 2668 567 2734 edenda
589 2673 684 2733 tanta
706 2668 876 2750 diligentia
896 2666 1007 2747 fuisse,
1037 2674 1074 2733 ut
1097 2669 1227 2734 minime
1250 2669 1338 2734 credi
1360 2672 1465 2753 possit

272 2796 353 2839 eum
367 2774 515 2839 Sirenum
546 2772 822 2856 comparationem
849 2770 890 2835 de
918 2771 1044 2837 incuria
1066 2774 1334 2855 praetermisisse.
1379 2774 1464 2839 Nam

195 2912 200 2923 s
272 2879 412 2962 primum
428 2875 558 2960 quidem
574 2874 732 2941 eiusmodi
747 2876 909 2940 sententia
926 2896 946 2938 a
960 2873 1195 2959 probabilitate
1210 2897 1307 2959 quam
1324 2878 1464 2941 maxime

272 2980 428 3047 abhorret
459 2986 644 3064 propterea,
675 2979 762 3063 quod
784 3000 824 3043 ex
848 2979 1092 3065 comparatione
1113 2980 1284 3065 utriusque
1306 2981 1464 3047 orationis

271 3087 351 3150 satis
383 3090 522 3168 apparet
549 3105 621 3149 euni
643 3082 906 3167 Ctesiphonteam
939 3084 1058 3149 litteris
1081 3083 1253 3149 mandasse
1271 3105 1336 3150 non
1359 3085 1463 3151 solum

272 3189 429 3255 memoria
451 3188 570 3260 nixum,
594 3187 650 3253 sed
674 3189 772 3255 etiam
797 3187 1037 3252 commentariis
1059 3209 1163 3265 usum,
1185 3188 1219 3252 in
1236 3209 1317 3271 quos
1339 3193 1464 3253 etanta

272 3293 362 3357 litem
399 3297 432 3356 et
468 3292 501 3355 in
536 3290 655 3356 iudicio
690 3297 884 3374 argumenta
920 3289 1108 3356 adversario
1146 3289 1315 3356 inferenda
1351 3294 1463 3375 itaque

274 3398 372 3461 etiam
405 3393 506 3459 verba
539 3394 579 3458 de
609 3394 757 3463 Sirenum
789 3400 888 3458 cantu
919 3392 1070 3460 iacienda
1096 3394 1287 3462 coniecerat.
1338 3394 1463 3461 Deinde

272 3506 381 3565 autern
423 3499 563 3563 virorum
610 3497 741 3563 illorum
787 3498 974 3563 coniectura
1018 3519 1152 3581 prorsus
1200 3497 1364 3563 reicienda
1403 3504 1463 3578 est,

217 3604 223 3611 ’
272 3605 392 3688 quippe
426 3623 510 3685 quae
542 3601 629 3666 nullo
659 3602 722 3667 alio
753 3601 1003 3686 Ctesiphonteae
1032 3602 1103 3667 loco
1134 3601 1330 3667 stabiliatur.
1378 3603 1463 3688 Nam

272 3710 358 3773 inter
396 3706 613 3771 accusationis
654 3704 872 3771 subiectiones
908 3705 1019 3771 eodem
1057 3705 1174 3783 modo,
1212 3726 1276 3790 quo
1314 3706 1464 3771 Sirenum

273 3810 491 3894 comparatio,
536 3808 745 3874 Demostheni
789 3809 945 3894 abreptas
991 3815 1024 3874 et
1061 3808 1290 3875 retractandae
1334 3810 1463 3875 demum

272 3915 412 3981 orationi
451 3935 510 3998 per
547 3912 685 3996 figuram
724 3910 902 3999 ὑποφορᾶς
940 3912 1124 3997 adscriptas
1168 3912 1257 3977 nulla
1290 3914 1462 3997 reperitur,

272 4040 355 4103 qnae
386 4016 604 4082 excitantibus
635 4016 814 4081 defensoris
843 4015 952 4081 verbis
982 4022 1101 4082 careat.
1147 4016 1196 4081 Ad
1229 4037 1323 4081 veras
1353 4023 1462 4082 autem

272 4124 392 4187 actoris
413 4121 724 4205 praeoccupationes
746 4120 839 4184 utin
861 4118 984 4197 habita,
1008 4120 1055 4185 sic
1077 4121 1110 4184 in
1132 4120 1256 4203 scripta
1277 4119 1463 4185 defensione

271 4224 487 4309 respondetur
509 4224 608 4307 idque
625 4224 791 4288 adomnes
807 4228 1034 4307 praeterires,
1058 4243 1195 4306 quarum
1212 4223 1462 4288 Demosthenem

271 4331 336 4394 iarn
369 4328 455 4412 apud
487 4328 610 4392 indices
642 4328 836 4395 mentionem
867 4347 930 4391 non
953 4326 1069 4391 fecisse
1093 4327 1308 4409 cognovimus.
1354 4330 1461 4410 Atque

272 4434 370 4499 etiam
407 4434 440 4495 in
481 4429 759 4495 criminationibus
787 4429 956 4495 Aeschinis
992 4428 1174 4495 refutandis
1200 4429 1351 4495 defensor
1382 4432 1462 4496 satis
