3242 5259
763 593 979 653 ..66-

274 760 493 842 responsionis
516 758 685 823 cuiusdam
706 762 884 843 pertinent3
907 781 980 825 cum
1002 765 1111 824 autem
1134 759 1288 836 (10100310,
1311 779 1410 841 quarn
1433 758 1467 820 in

274 863 424 928 manibus
454 862 621 939 habemus,
652 863 734 927 talia
768 863 870 928 uerba
899 882 963 928 non
993 862 1161 947 praebeat,
1193 864 1374 948 quaeritur,
1402 881 1467 944 quo

274 967 346 1032 loco
360 966 488 1031 librarii
503 966 663 1031 secundae
677 965 726 1031 illi
743 968 924 1032 recensioni
940 968 1059 1031 iterum
1074 969 1214 1050 primam
1228 965 1467 1030 substituerint.

275 1072 382 1154 Atque
397 1092 436 1133 03
459 1072 491 1134 10
508 1070 615 1135 animo
637 1070 867 1153 reputantibus
881 1089 987 1134 nonne
1002 1078 1139 1153 propter
1153 1072 1260 1153 ipsum
1275 1090 1467 1133 consensum

275 1182 529 1256 concentumque
562 1173 733 1238 ambarum
767 1176 993 1256 quaestionum
1030 1174 1110 1238 illud
1149 1172 1242 1238 nobis
1276 1192 1468 1237 succurrere

274 1298 377 1360 paene
393 1298 525 1341 0000330
537 1283 586 1341 031
601 1276 689 1340 10003
705 1279 793 1360 ipsos
806 1298 891 1359 quos
899 1284 1081 1341 tractamus
1093 1277 1202 1359 aliquo
1214 1276 1311 1339 modo
1325 1274 1469 1339 fortasse

274 1382 359 1445 inter
388 1400 422 1443 se
454 1380 695 1463 coniungendos
730 1382 829 1447 esse?
878 1380 994 1447 Nonne
1027 1381 1099 1445 fieri
1132 1385 1256 1463 potest,
1291 1385 1330 1443 ut
1362 1378 1470 1442 altera

275 1483 453 1548 difficultas
485 1504 524 1547 ex
561 1483 667 1548 altera
696 1484 903 1561 dissolvatur,
939 1486 960 1548 1.
992 1505 1019 1548 0.
1048 1490 1086 1549 01
1113 1490 1297 1549 statuamus
1331 1488 1388 1546 aut
1417 1502 1470 1544 re·

275 1589 457 1651 censionem
488 1587 672 1664 secundam,
707 1609 805 1670 quam
840 1589 873 1652 in
904 1588 940 1672 ἐξ
976 1591 1037 1652 120
1069 1594 1103 1652 01
1138 1592 1196 1651 121
1233 1585 1470 1660 desideramus

274 1688 374 1755 verba
404 1690 444 1753 de
466 1689 614 1755 Sirenum
639 1697 737 1756 cantu
759 1691 849 1755 facta
871 1692 1069 1757 continuisse
1101 1696 1158 1755 aut
1186 1691 1326 1774 primam
1356 1709 1471 1764 recen·

274 1796 396 1858 sionem
435 1795 617 1875 argumenti
650 1793 755 1871 illius,
791 1795 879 1878 quod
917 1795 1003 1877 apud
1039 1794 1162 1859 iudices
1194 1794 1344 1859 Sirenum
1381 1812 1470 1855 com-

274 1898 444 1981 paratione
476 1896 671 1962 adornatum
694 1904 759 1976 031,
786 1900 820 1963 10
851 1898 983 1963 traditis
1012 1900 1048 1983 ἐξ
1075 1902 1272 1964 12001121
1306 1896 1471 1979 reperiri?

275 2002 366 2079 Quae
381 2001 568 2064 coniectura
582 2001 745 2084 quomodo
761 2000 865 2065 refelli
880 2003 985 2083 possit
1000 2001 1107 2066 fateor
1122 2022 1173 2065 me
1189 2019 1253 2064 non
1268 1999 1470 2081 intellegere.

274 2102 376 2169 immo
407 2124 483 2169 vero
517 2103 598 2167 haec
620 2106 783 2170 sententia
806 2126 844 2169 eo
869 2104 1025 2169 maiorem
1048 2105 1169 2187 accipit
1190 2102 1471 2187 probabilitatem,

202 2240 205 2249 Δ
275 2206 362 2291 quod
389 2209 436 2270 ita
468 2208 495 2270 si
525 2208 717 2285 conicimus,
757 2229 868 2273 omnes
898 2207 1109 2273 difficultates
1137 2208 1259 2291 optime
1291 2206 1471 2271 diluuntur.

274 2311 358 2375 Nam
389 2310 474 2391 quod
505 2312 624 2375 attinet
654 2310 696 2373 ad
718 2310 947 2375 Demosthenis
977 2311 1017 2375 de
1048 2310 1190 2375 secundo
1218 2308 1402 2398 παρανόμῳ
1435 2310 1472 2371 10

273 2413 393 2477 iudicio
413 2415 665 2496 responsionem,
689 2436 790 2498 supra
811 2417 856 2498 (p.
873 2418 928 2498 34)
951 2415 1108 2498 suspicati
1130 2436 1241 2480 sumus
1264 2412 1471 2476 defensorem

274 2518 413 2600 primum
430 2516 560 2598 quidem
577 2516 745 2583 Aeschinis
765 2518 873 2583 verbis
889 2518 1046 2601 neglectis
1061 2516 1104 2580 ad
1118 2516 1223 2599 legem
1240 2516 1471 2599 Dionysiacam

274 2640 468 2703 provocasse
500 2620 718 2684 altimontem
749 2643 822 2685 earn
853 2620 894 2685 ad
923 2641 1062 2685 coronas
1094 2621 1143 2684 uti
1173 2619 1214 2683 ab
1245 2619 1334 2696 aliis,
1370 2620 1417 2683 sic
1450 2640 1472 2681 a

274 2722 394 2805 populo
417 2722 566 2787 decretas
582 2729 741 2805 spectare,
765 2723 882 2788 deinde
900 2724 1121 2788 dubitationes
1138 2722 1298 2805 quasdam
1318 2722 1470 2786 heliastis

276 2847 314 2890 ea
337 2828 463 2890 ratione
478 2826 669 2910 praecidere
685 2826 858 2905 studuisse,
881 2835 918 2892 ut
939 2826 1108 2891 audientes
1126 2826 1166 2890 de
1183 2827 1303 2890 actoris
1320 2826 1471 2907 captiosa

274 2950 352 2992 voce
376 2936 474 3012 atque
499 2929 624 2993 artibus
641 2929 769 2994 dicendi
794 2930 993 2995 admoneret.
1029 2929 1215 3013 Eodemque
1237 2929 1332 2993 modo
1355 2930 1389 2991 in
1403 2928 1469 2991 fine

276 3034 393 3115 capitis
430 3032 565 3097 alterius
603 3036 647 3116 (p.
677 3035 732 3116 65)
766 3035 991 3117 perspeximus
1027 3032 1278 3098 Demosthenem
1317 3032 1468 3096 Sirenum

274 3136 516 3218 comparatione
543 3157 636 3200 usum
668 3143 894 3219 argumentum
921 3136 1085 3220 quoddam
1115 3135 1230 3200 fulcire
1252 3136 1403 3213 voluisse,
1435 3136 1469 3197 10

275 3259 339 3322 quo
368 3260 408 3302 00
438 3239 514 3320 quid
542 3238 666 3303 iudices
695 3238 913 3316 offenderent,
952 3240 1022 3322 ipse
1054 3240 1177 3303 veritus
1208 3244 1303 3303 esset.
1354 3236 1469 3301 Nonne

274 3344 374 3425 igitur
403 3341 670 3406 verisimillimum
700 3349 750 3406 est
780 3343 842 3407 hoc
873 3347 1100 3425 argumentum
1128 3343 1177 3406 ita
1206 3340 1468 3405 commendatum

275 3446 315 3509 ad
339 3444 429 3508 illam
452 3446 533 3509 iuris
556 3446 779 3527 quaestionem
798 3446 1018 3529 pertinuisse?
1060 3444 1141 3510 Mihi
1165 3445 1295 3528 quidem
1318 3442 1469 3508 omnibus

274 3549 324 3613 his
355 3549 510 3631 expositis
533 3545 666 3611 dubium
698 3570 762 3612 non
792 3555 852 3626 est,
880 3550 958 3632 quin
981 3548 1215 3613 Demosthenes
1246 3568 1385 3612 coronae
1416 3568 1468 3611 re-

274 3652 509 3716 nuntiationem
538 3651 571 3714 in
599 3650 730 3715 theatro
761 3651 944 3717 faciendam
971 3650 1032 3714 hoc
1058 3651 1127 3715 fere
1149 3652 1245 3716 modo
1267 3637 1467 3715 defenderit:

274 3756 413 3838 primum
447 3754 566 3817 dixerit
591 3754 625 3816 in
652 3753 724 3835 lege
754 3756 950 3839 Dionysiaca
981 3754 1230 3838 interpretanda
1257 3756 1469 3819 vetustiorem

275 3859 363 3923 illam
386 3858 491 3938 legem
513 3856 750 3938 respiciendam
771 3880 837 3922 non
859 3880 938 3935 esse,
962 3864 1032 3923 tum
1054 3857 1135 3939 legis
1158 3860 1381 3941 exceptionem
1404 3878 1469 3920 non

274 3962 317 4024 ad
331 3970 460 4024 exteros
476 3959 561 4023 solos
577 3959 725 4035 honores,
742 3961 799 4024 sed
817 3963 917 4025 etiam
934 3961 976 4025 ad
990 3960 1102 4044 populi
1117 3966 1315 4043 senatusque
1330 3980 1468 4024 coronas
1484 4023 1486 4028 .

273 4071 424 4148 spectare
455 4062 592 4143 ideoque
627 4062 848 4128 laudationem
879 4086 899 4126 3
927 4063 1137 4146 Ctesiphonte
1164 4071 1314 4145 rogatam
1344 4064 1468 4146 optimo

275 4170 345 4232 iure
376 4168 407 4229 10
439 4166 569 4229 theatro
593 4166 778 4247 praedicari
801 4188 897 4250 posse
923 4165 1153 4242 affirmaverit,
1183 4165 1321 4249 denique
1343 4166 1469 4231 iudices

274 4271 489 4345 admonuerit,
520 4290 560 4332 ne
582 4269 762 4333 adversarii
791 4267 1020 4333 verbisfidem
1046 4267 1190 4332 habeant
1209 4291 1288 4333 neve
1310 4271 1379 4333 eius
1401 4270 1469 4333 elo·

273 4375 408 4457 quentia
432 4372 646 4453 decipiantur,
680 4374 732 4453 cui
753 4372 889 4454 perinde
912 4392 950 4434 ac
973 4372 1120 4435 Sirenum
1139 4373 1251 4454 >cantui
1276 4394 1339 4456 non
1362 4372 1470 4436 solum

274 4498 400 4543 summa
431 4475 578 4551 dulcedc,
609 4475 666 4538 sed
688 4476 787 4537 etiam
810 4473 939 4537 letifera
961 4475 1009 4537 vis
1031 4474 1116 4538 insit.
1161 4475 1235 4539 Sine
1258 4475 1356 4540 dubio
1382 4478 1470 4540 enim
