3242 5259
697 583 734 632 ἓξ

610 644 651 653 ..
697 613 735 691 5„
784 646 823 653 ..

122 750 373 863 imprudentiam
411 778 444 841 in
473 780 576 862 ipsam
607 780 785 843 orationem
817 782 1027 863 irrepserunt.
1074 784 1120 845 Ac
1153 781 1239 863 quod
1269 756 1311 845 ad

116 880 299 957 ¹secundum
329 881 526 969 παράνομον
558 884 689 963 attinet,
720 883 874 948 librarius
895 884 1043 966 quidam,
1073 886 1129 967 qui
1150 884 1310 968 duplicem

121 982 218 1048 huius
256 984 318 1049 loci
356 987 575 1052 recensionem
605 987 727 1050 invenit
754 1024 797 1033 -
825 986 962 1052 alteram
989 990 1021 1052 in
1052 988 1199 1053 oratione
1229 990 1310 1073 ipsa,
1383 1000 1388 1011 ‘

122 1087 259 1153 alteram
275 1090 307 1153 in
324 1091 469 1173 margine
492 1096 549 1154 aut
572 1112 671 1174 supra
693 1092 795 1155 lineas
813 1130 866 1171 —-,
889 1112 960 1155 eam
976 1093 1126 1157 nimirum
1142 1093 1175 1156 in
1190 1093 1308 1157 librum

121 1214 213 1257 suum
230 1195 364 1277 recepit,
380 1215 464 1276 quae
480 1195 594 1259 melior
609 1196 638 1258 ei
652 1193 834 1259 videbatur.
873 1195 944 1272 Qua
960 1196 1000 1259 de
1016 1218 1116 1261 causa
1128 1198 1309 1280 graviorem

120 1299 363 1381 responsionem
386 1297 473 1363 domi
495 1297 697 1362 elaboratam
713 1300 904 1382 praeposuit
920 1298 1018 1363 debili
1033 1300 1126 1365 alteri
1141 1302 1175 1363 in
1190 1302 1309 1366 iudicio

118 1400 277 1483 prolatae,
299 1402 332 1466 in
356 1422 421 1483 qua
438 1402 687 1467 Demosthenem
703 1401 922 1485 Ctesiphontis
946 1405 1147 1486 rogationem
1167 1426 1309 1488 purgare

120 1504 250 1587 quidem
275 1505 453 1584 studuisse,
487 1506 543 1570 sed
567 1505 606 1570 de
629 1492 808 1569 adversarii
832 1507 955 1590 impetu
976 1508 1106 1572 minime
1128 1507 1309 1573 vindicasse

118 1609 345 1675 intelleximus.
390 1610 534 1689 Accedit,
558 1609 645 1693 quod
666 1609 754 1674 haud
778 1610 845 1674 scio
864 1632 906 1674 au
920 1610 1076 1675 librarius
1090 1612 1161 1694 ipse
1177 1611 1309 1675 Aeschi-

119 1734 193 1778 nem
224 1714 311 1797 leges
333 1720 477 1779 mutasse
500 1720 533 1779 et
554 1714 723 1778 mutilasse
746 1715 911 1796 putaverit
931 1715 1043 1797 itaque
1067 1716 1168 1799 priori
1192 1717 1307 1781 Demo·

119 1816 242 1881 sthenis
277 1817 442 1883 refutandi
471 1818 592 1882 rationi
619 1818 715 1901 plane
746 1839 897 1882 assensus
927 1820 978 1882 sit.
1024 1819 1117 1897 Quod
1149 1825 1223 1884 utut
1250 1825 1308 1898 est,

118 1922 199 1985 satis
231 1927 359 1987 constat
390 1944 462 1988 eum
493 1922 687 2006 scripturam
712 1926 788 1985 ante
809 1921 964 1985 iudicium
988 1928 1156 1987 exaratam
1176 1925 1210 1986 in
1233 1945 1307 1988 con-

118 2030 244 2089 textum
266 2026 437 2091 verborum
458 2026 642 2116 adscivisse,
664 2025 907 2107 responsionem
924 2032 1033 2090 autem
1049 2026 1135 2109 apud
1152 2027 1308 2091 heliastas

117 2128 278 2195 redditam
301 2132 562 2195 memoriaenon
584 2128 775 2213 prodidisse.

106 2254 109 2259 ·
205 2234 252 2299 Ea
278 2235 389 2317 igitur
417 2234 523 2299 forma
560 2234 716 2298 orationis
747 2232 996 2316 Ctesiphonteae
1031 2241 1212 2317 propagata
1249 2240 1307 2298 est.

118 2339 310 2421 Quicunque
333 2342 442 2403 autem
457 2337 683 2422 paragraphos
702 2340 763 2401 120
779 2342 811 2400 et
830 2342 886 2400 121
906 2337 1013 2400 animo
1028 2338 1155 2401 sincero
1170 2338 1307 2401 necdum
1406 2411 1414 2423 ‚

116 2443 343 2527 praeiudicata
359 2443 509 2526 opinione
525 2439 712 2524 inspexerit,
736 2460 858 2523 negare
873 2460 937 2503 non
953 2440 1072 2523 poterit
1088 2440 1307 2518 difficultates

117 2569 199 2631 quas
222 2546 391 2630 praebent,
413 2546 475 2610 nisi
498 2546 560 2609 hac
584 2546 711 2609 ratione
735 2544 881 2628 expediri
904 2564 967 2607 nnn
989 2566 1092 2627 posse.

621 2807 743 2909 caput
771 2806 807 2887 ΙΙ.

259 2966 314 3031 De
342 2962 571 3030 Aeschinis
599 2963 810 3027 orationis
838 2961 1171 3045 Ctesiphonteae

572 3068 608 3151 ἓξ
632 3071 694 3131 aas
716 3072 756 3130 et
781 3070 852 3131 aaa.

203 3192 221 3275 ξ
247 3198 271 3255 l.
317 3190 476 3268 Quoniam
508 3189 541 3252 in
570 3194 714 3252 nostram
746 3192 888 3251 aetatem
918 3207 982 3250 non
1010 3186 1114 3251 solum
1138 3183 1306 3250 Aeschinis

115 3297 149 3359 in
172 3293 424 3379 Ctesiphontem,
448 3292 505 3357 sed
526 3292 625 3358 etiam
642 3290 870 3355 Demosthenis
892 3311 952 3373 pro
968 3289 1177 3373 Ctesiphonte
1199 3291 1304 3355 oratio

113 3398 272 3483 pervenit,
302 3398 419 3463 mirum
450 3417 513 3462 non
542 3402 600 3475 est,
632 3396 719 3477 quod
742 3393 835 3459 multi
857 3394 923 3458 iam
945 3394 1006 3458 riri
1029 3394 1117 3457 docti
1138 3415 1197 3477 per
1220 3411 1305 3458 com-

113 3504 318 3588 parationem
342 3501 515 3566 verborum
538 3506 571 3565 et
593 3498 689 3564 huius
708 3505 741 3562 et
760 3497 848 3562 illius
863 3519 978 3562 eruere
993 3497 1196 3573 studuerunt,
1220 3519 1304 3579 quae

114 3614 253 3689 uterque
287 3605 377 3690 apud
413 3604 537 3669 iudices
573 3602 709 3667 dixisset
741 3600 889 3685 quaeque
923 3602 1062 3665 crationi
1093 3608 1167 3684 post
1194 3600 1304 3664 iudicii

114 3711 201 3777 diem
222 3710 342 3777 litteris
365 3707 569 3774 mandendae
590 3705 827 3789 adscripsisset.
874 3707 979 3787 Atque
1001 3710 1139 3787 apparet
1160 3703 1201 3767 ad
1219 3704 1304 3767 hanc

114 3816 340 3899 quaestionem
373 3811 603 3878 absolvendam
638 3832 710 3876 cum
740 3809 859 3873 multos
891 3809 972 3873 alios
1003 3808 1185 3872 orationum
1215 3808 1303 3871 locos

112 3940 179 3984 non
211 3917 428 4003 neglegendos
461 3922 548 3995 tum,
589 3913 707 3997 quibus
742 3914 826 3978 alter
860 3914 994 3977 alterius
1028 3911 1128 3976 verba
1162 3912 1303 3994 attingit,

113 4023 359 4106 diligentissime
389 4019 564 4103 exigendos
596 4038 675 4083 esse.
721 4017 845 4081 Horum
869 4022 978 4080 autem
1001 4015 1145 4079 locorum
1168 4015 1210 4079 ad
1233 4015 1303 4079 alli-

113 4126 246 4192 ciendos
261 4127 426 4191 hominum
441 4124 565 4188 animos
581 4122 721 4187 maxime
737 4120 816 4184 mihi
832 4126 929 4203 aptae
941 4119 1091 4184 videntur
1104 4118 1302 4183 Aeschineae

111 4232 270 4296 orationis
292 4228 492 4314 paragraphi
514 4232 576 4292 228
600 4233 633 4292 et
656 4230 727 4293 229.

201 4337 300 4401 Actor
323 4334 416 4412 enim,
437 4332 528 4397 cuius
549 4332 584 4395 in
599 4330 849 4413 Ctesiphonteae
873 4326 1029 4391 orationis
1046 4332 1192 4390 extrema
1207 4333 1301 4409 parte

112 4441 237 4505 multae
274 4437 370 4502 hodie
405 4435 621 4501 subiectiones
651 4434 872 4510 inveniuntur,
909 4432 943 4494 in
973 4432 1074 4513 §228
1107 4429 1218 4494 eadem
1246 4430 1302 4493 illa

110 4543 219 4626 figura
241 4537 419 4627 ὑποφορᾶς
441 4562 518 4605 usus
542 4538 816 4621 comparationem
835 4534 997 4617 quandam
1015 4533 1192 4597 adversarii
1207 4555 1302 4616 prae*

1064 4640 1095 4688 3*
