3242 5259
795 567 1011 629 ..26-

311 735 425 799 audita
448 734 555 799 dicere
578 735 629 799 vel
651 734 795 800 scribere
817 757 881 800 uon
903 737 1048 819 potuisse
1067 743 1194 821 putant,
1220 758 1239 801 a
1263 736 1498 823 probabilitate

308 860 406 922 quam
429 837 571 904 maxime
593 838 770 905 abhorrere
801 838 953 908 arbitror.
996 842 1199 924 Quamquam
1224 842 1324 922 enim,
1353 842 1386 906 id
1409 842 1498 925 quod

308 942 461 1027 permulti
479 943 540 1007 viri
557 942 645 1007 docti
661 950 749 1008 recte
765 942 933 1024 adnotant,
955 943 1063 1024 verba,
1079 966 1164 1028 quae
1182 950 1323 1010 aetatem
1341 937 1497 1025 tulerunt,

310 1046 552 1130 responsionem
583 1046 743 1130 praebere
773 1046 924 1113 ridentur
945 1068 985 1113 ex
1015 1054 1162 1133 tompore
1183 1049 1305 1114 dictam
1335 1053 1410 1133 post
1439 1070 1498 1113 au·

309 1149 411 1215 ditem
434 1150 601 1215 Aeschinis
625 1150 816 1231 orationem,
839 1150 920 1227 nihil
942 1157 1051 1218 minen
1075 1152 1177 1232 video,
1204 1152 1293 1237 quod
1312 1173 1411 1219 uos-e
1435 1152 1499 1217 De·

309 1253 488 1320 mosthenis
500 1253 703 1319 verbishanc
715 1254 936 1321 coniecturam
948 1254 1174 1340 iacerecogat.
1203 1256 1286 1322 Nam
1301 1256 1498 1340 sophisticas

310 1358 544 1443 explicationes
575 1358 616 1423 de
644 1357 825 1427 honoribus
852 1359 1103 1426 renuntiationis
1123 1360 1157 1427 in
1178 1361 1308 1426 theatro
1328 1359 1499 1425 faciendae

308 1462 558 1528 Demosthenem
580 1468 664 1527 ante
695 1483 829 1527 oausam
860 1467 969 1527 actam
998 1480 1198 1549 praeparare
1230 1464 1376 1549 potuisse
1403 1456 1497 1529 nemo

307 1566 449 1649 negabit.
475 1565 597 1631 Probra
613 1571 721 1633 autem
737 1571 770 1632 et
782 1566 937 1646 convicia,
954 1588 1040 1651 quae
1051 1566 1201 1633 omnibus
1217 1567 1297 1634 locis
1309 1568 1498 1647 invenimus,

307 1676 419 1735 orator
442 1671 511 1735 sine
533 1668 632 1736 dubio
656 1690 783 1754 semper
805 1671 838 1734 in
861 1670 1014 1754 expedito
1043 1670 1206 1736 babuerit.
1247 1667 1366 1756 'ltaque
1389 1672 1499 1755 agitur

306 1772 346 1839 de
372 1773 448 1839 solis
479 1772 705 1839 Demosthenis
730 1772 856 1839 verbis:
892 1770 958 1841 est*
992 1771 1063 1843 οὐδ’
1096 1774 1245 1861 αἰσχύνει
1274 1829 1279 1839 .
1304 1828 1342 1843 ..
1374 1774 1499 1861 νόμους

304 1886 507 1963 μεταποιῶν,
538 1886 607 1945 τῶν
629 1874 657 1947 d'
682 1872 841 1963 ἀφαιρῶν
863 1877 964 1964 μέρη,
994 1874 1054 1958 οὓς
1081 1875 1181 1958 ὅλους
1201 1882 1334 1947 δίκαιον
1357 1868 1498 1965 duduc·
1577 1928 1581 1937 -

307 1981 553 2068 γιγνώσκεσθαι
576 1976 707 2067 tolca?
720 1976 910 2067 ὀμωμοκόσι
932 1980 1017 2049 κατὰ
1038 1981 1118 2063 τοὺς
1136 1980 1262 2070 νόμους
1287 1990 1499 2070 ψηφιεῖσθαι.

307 2087 349 2149 At
372 2106 411 2150 ea
435 2085 507 2169 ipsa
522 2084 639 2166 uerba,
670 2106 754 2168 quae
777 2084 820 2149 ab
843 2086 1077 2169 antiquissimis
1104 2086 1306 2171 temporibus
1328 2107 1431 2169 usque
1455 2086 1500 2151 ad

305 2187 392 2253 hunc
407 2188 493 2255 diem
516 2188 716 2269 viris'dootis
738 2189 963 2272 gravissimam
978 2188 1160 2255 molestiam
1176 2189 1402 2270 exhibuerunt,
1425 2210 1499 2256 mea

306 2293 467 2357 sententia
496 2293 539 2359 ad
562 2291 730 2357 Aeschinis
753 2292 933 2357 orationem
965 2314 1006 2357 ne
1032 2299 1185 2378 spectant
1206 2293 1337 2377 quidem
1357 2292 1499 2376 ideoque

306 2396 368 2461 uisi
390 2395 566 2462 antediem
588 2395 700 2461 iudicii
723 2397 847 2481 scripta
862 2418 934 2461 esse
955 2418 1019 2463 non
1033 2403 1179 2483 possunt.
1210 2396 1294 2463 Nam
1310 2396 1498 2462 accuratius

306 2502 338 2564 in
361 2522 429 2564 rem
451 2500 664 2584 inquiramus.
706 2542 710 2557 ι

392 2603 625 2669 Demosthenes
648 2604 778 2687 quaerit
799 2624 839 2669 ex
857 2604 1059 2696 adversario,
1089 2625 1194 2670 nonne
1215 2603 1389 2670 erubescat
1410 2604 1498 2687 leges

306 2708 486 2791 depravare
496 2712 529 2773 et
541 2706 722 2787 decurtare,
735 2728 820 2791 quas
831 2708 977 2791 integras
987 2707 1150 2774 iudicibus
1162 2708 1294 2773 recitari
1306 2707 1497 2792 oportuerit.

306 2811 399 2898 Quod
423 2832 487 2895 quo
508 2812 578 2877 iure
596 2811 745 2877 Aeschini
762 2810 893 2891 obiciat,
916 2833 957 2877 ex
979 2811 1106 2895 legibus
1123 2812 1157 2876 in
1176 2810 1343 2877 codicibus
1365 2811 1499 2877 traditis

224 2904 227 2913 ’
305 2914 493 2998 intellegere
523 2936 587 2979 uon
617 2936 805 3000 possumus,
842 2916 963 3000 quippe
992 2936 1075 2999 quas
1105 2916 1291 3001 suppositas
1321 2922 1354 2980 et
1382 2919 1499 2999 postea

305 3018 434 3083 demum
458 3019 600 3083 insertas
623 3040 693 3083 esse
717 3020 796 3085 setis
820 3024 956 3083 constet.
993 3018 1058 3083 Sed
1080 3018 1232 3084 defensor
1252 3020 1323 3103 ipse
1345 3018 1497 3099 ostendit,

306 3143 403 3207 quam
420 3122 462 3187 ad
478 3128 604 3207 partem
620 3121 727 3204 legum
745 3122 786 3187 ab
802 3121 992 3189 adversario
1010 3124 1162 3188 omissam
1184 3128 1348 3207 provocet,
1371 3122 1497 3187 dicens:

303 3223 447 3307 ἀκούεις,
468 3229 628 3313 Λίσχίνη,
661 3235 722 3310 τοῦ
751 3225 860 3313 νόμον
881 3226 1040 3312 λέγοντος
1061 3236 1189 3311 σαφῶς,
1216 3224 1305 3313 πλὴν
1326 3226 1384 3295 ἐάν
1406 3251 1499 3305 τινας

307 3328 453 3417 ὁδῆμος
476 3327 497 3417 ἢ
521 3328 542 3417 ἡ
563 3326 670 3417 βουλὴ
693 3334 892 3417 ψηφίσηται·
923 3328 1066 3411 τούτους
1088 3326 1116 3398 δ’
1140 3326 1382 3417 ἀναγορευέτω.
1431 3328 1498 3394 Νεο

306 3434 421 3510 mirum
454 3439 519 3511 est,
544 3440 623 3497 'cum
657 3433 891 3499 Demosthenes
921 3432 1100 3498 clausulam
1131 3434 1212 3517 legis
1242 3435 1404 3499 recitatae
1429 3439 1499 3498 tam

306 3537 459 3602 distincte
480 3544 618 3621 repetat,
642 3536 761 3602 multos
783 3558 848 3601 nou
870 3536 1029 3616 dubitare,
1053 3538 1131 3620 quin
1152 3537 1327 3601 Aeschines
1349 3537 1497 3603 fraudem

306 3640 499 3724 conceperit,
515 3661 620 3723 neque
638 3640 734 3704 aliter
750 3641 871 3705 sentire
891 3661 930 3705 ao
947 3640 1227 3705 Westermannum
1239 3642 1274 3724 ¹),
1298 3640 1385 3724 apud
1401 3662 1499 3725 quem

304 3744 461 3829 legimus:
484 3744 564 3823 „Die
587 3743 778 3821 Sicherheit,
803 3744 862 3809 mit
880 3743 1019 3809 welcher
1041 3744 1079 3808 D.
1103 3743 1174 3809 dem
1195 3747 1231 3809 A.
1256 3744 1497 3827 entgegentritt,

306 3849 372 3915 ihm
395 3848 610 3931 Verdrehung
640 3846 706 3913 und
735 3847 1017 3931 Verstiimmelung
1046 3848 1106 3913 der
1134 3870 1173 3913 zu
1193 3848 1408 3913 *verlesenden
1434 3847 1498 3913 Ge·

307 3958 392 4019 setae
422 3952 545 4019 Schuld
583 3951 653 4035 gibt
691 3951 757 4016 und
787 3951 1000 4018 unmittelbar
1028 3951 1112 4017 nach
1143 3951 1323 4035 Verlesung
1353 3951 1411 4017 des
1440 3974 1498 4017 an·

307 4076 490 4141 geaogenen
526 4054 679 4121 Gesetzes
715 4054 768 4120 die
801 4055 914 4120 worn
947 4053 1035 4142 πλὴν
1057 4060 1309 4144 -ψηφίσηται
1341 4055 1499 4139 (nimlich

296 4156 573 4247 ’ἀναγορεύεσθαι
588 4160 625 4227 ἐν
640 4168 686 4249 τῷ
702 4157 850 4249 θεάτρῳ)
874 4179 934 4225 aus
949 4158 1137 4224 demselben
1157 4158 1363 4238 hervorbebt,
1387 4159 1499 4227 maobt

306 4284 341 4329 es
363 4267 509 4329 iusserat
531 4262 705 4345 glaublioh‚
729 4261 805 4327 dass
823 4266 858 4327 A.
882 4261 954 4327 hier
972 4263 1043 4327 eine
1059 4261 1307 4328 Unredlicblreit
1326 4262 1496 4347 begangen

299 4496 328 4536 ’.ζ
358 4532 362 4536 .
395 4488 421 4555 l)
439 4487 578 4549 Demcr.
598 4484 641 4542 ed.
662 4485 780 4541 Weidm.
799 4486 862 4541 adn.
881 4486 917 4540 ad
935 4485 952 4557 ᾖ
970 4488 1029 4541 121.
1054 4528 1058 4535 Α
