3242 5259
607 568 823 629 ..37-

116 733 274 799 noluisset
296 735 413 814 dicere,
440 736 529 818 'quae
550 735 634 800 alter
653 743 961 821 praeoccupaverat,
983 743 1040 804 aut
1062 740 1139 822 quia
1162 738 1202 805 de
1221 762 1305 805 com..

115 838 287 920 paratione
326 838 382 903 illa
410 860 450 903 nc
482 839 657 922 cogitasset
686 840 825 923 quidem.
870 841 928 906 Vir
957 842 1164 909 doctissimus
1192 866 1306 933 quam-

117 962 215 1024 quam
237 941 300 1006 hac
322 943 450 1007 ratione
466 942 693 1007 Demosthenis
719 944 978 1013 taciturnitatem
1002 966 1157 1012 excusare
1172 948 1305 1027 mavult,

115 1043 205 1109 illam
235 1050 345 1110 tamen
379 1045 563 1131 explicandi
595 1047 680 1111 viam
709 1068 774 1111 non
803 1068 938 1131 prorsus
969 1050 1071 1114 reicit.
1117 1050 1306 1118 Arbitratur

116 1148 201 1213 enim
225 1149 415 1215 Aeschinem
448 1150 597 1215 omnibus
626 1150 722 1229 locis,
753 1151 872 1234 quibus
902 1152 1081 1219 adversarii
1112 1163 1306 1239 argumenta

116 1252 277 1335 quaedam
298 1274 368 1319 6666
391 1274 567 1337 praenosse
591 1253 743 1333 affirmat,
765 1261 823 1321 aut
846 1256 888 1321 ad
909 1257 1014 1340 ipsam
1029 1259 1200 1325 veritatem
1214 1259 1305 1348 loqui

116 1362 174 1420 aut
213 1358 427 1441 suspiciones
448 1357 610 1442 proferre,
647 1358 764 1441 quibus
792 1381 862 1425 sese
889 1381 953 1429 non
985 1382 1096 1427 errare
1124 1384 1184 1447 pro
1215 1368 1304 1429 certo

114 1459 244 1524 habeat.
289 1461 507 1539 Quamobrem
531 1462 618 1545 quod
633 1463 873 1529 Demosthenes·
893 1472 1007 1530 contra
1029 1466 1151 1531 actoris
1172 1489 1304 1552 cxspcc÷

114 1564 271 1629 tationem
296 1585 405 1631 vocem
428 1566 515 1632 illius
538 1588 610 1631 cum
626 1567 773 1633 Sirenum
799 1574 897 1633 cantu
920 1590 983 1633 non
1003 1576 1180 1655 comparet,
1203 1555 1304 1638 616161

114 1689 210 1751 66666
240 1668 320 1734 dicit
341 1669 517 1750 Franlrius,
545 1672 641 1750 „dass
664 1672 899 1738 Demosthenes
922 1672 1068 1739 wirklich
1091 1674 1143 1739 die
1169 1675 1304 1741 Absicht

39 1776 41 1779 ’
115 1770 237 1853 gehabt
259 1772 360 1853 hatte,
383 1795 444 1838 von
467 1774 525 1839 der
548 1774 781 1857 Sirencnnatur
804 1776 861 1842 des
877 1777 1053 1843 Aeschines
1075 1800 1114 1843 zu
1136 1779 1304 1863 sprechon,

114 1873 184 1939 dies
212 1874 307 1955 aber,
340 1876 504 1943 vielleicht
533 1879 653 1961 gerade
684 1879 755 1944 weil
787 1901 823 1945 er
851 1902 886 1945 es
908 1879 998 1944 nicht
1022 1881 1081 1946 der
1102 1881 1201 1947 Miihc
1223 1872 1325 1948 nert'

114 1978 202 2058 hielt,
227 1979 401 2046 Aeschines
420 1982 674 2067 Voraussagung
697 2005 736 2049 zu
757 1983 950 2067 bestitigen,
973 1984 1173 2051 unterliess“.
1210 1987 1303 2065 ‚Quid

114 2104 190 2149 vero
232 2105 302 2149 csse
340 2086 389 2151 rir
428 2086 543 2152 doctus
579 2088 748 2171 opinatur,
789 2110 848 2153 cur
881 2088 1115 2154 Demosthenes
1145 2090 1303 2174 impedire

114 2187 269 2267 voluerit,
304 2209 343 2253 ne
375 2189 581 2256 adversarius
610 2211 686 2257 rere
715 2193 952 2275 praesagivisse
984 2191 1172 2258 rideretur?
1216 2194 1301 2261 Num

68 2284 70 2287 ’
115 2290 266 2357 defensor
297 2291 449 2359 simulare
478 2294 559 2359 velle
588 2294 753 2377 putandus
776 2300 826 2360 est
848 2295 910 2360 sibi
933 2316 972 2359 ne
993 2295 1094 2367 fuisse
1115 2298 1245 2380 quidem
1268 2299 1302 2365 in

114 2396 221 2460 animo
245 2397 488 2481 comparatione
509 2398 566 2463 1116
584 2399 659 2463 ut‘?
704 2398 845 2463 Minime.
890 2398 1004 2482 Neque
1020 2401 1104 2464 enim
1120 2400 1303 2467 dubitasset

114 2520 186 2565 cum
217 2521 351 2583 prorsus
380 2522 500 2585 negare
531 2502 597 2567 tale
628 2501 805 2585 quidquam
837 2524 872 2568 66
900 2502 1048 2587 proferre
1073 2504 1212 2570 voluisse
1232 2510 1302 2571 tum

115 2603 282 2669 Aeschinis
304 2604 501 2671 inconditam
525 2606 801 2689 propulsationem
825 2607 963 2675 irridere
979 2613 1012 2671 et
1027 2608 1182 2675 cavillari.
1218 2610 1302 2673 Tan·

113 2712 181 2772 166
205 2713 314 2773 66166
337 2708 439 2790 abest,
461 2716 499 2775 ut
516 2709 551 2774 id
565 2710 633 2789 fiat,
655 2713 693 2775 ut
708 2711 740 2775 in
757 2712 904 2776 oratione
920 2710 1180 2790 Demosthenica,
1203 2733 1300 2796 quam

113 2812 147 2876 in
171 2812 320 2879 manibus
342 2812 509 2893 habemus,
532 2814 622 2879 nulla
644 2815 755 2881 littera
775 2815 819 2880 dc
835 2816 984 2880 Sirenum
1007 2836 1085 2881 voce
1107 2817 1301 2893 inveniatur,

114 2936 310 2999 quamquam
339 2917 442 2982 multa
472 2916 537 2982 alia
566 2924 759 3001 argumenta
787 2918 829 2984 ab
853 2919 1039 2984 adversario
1062 2927 1303 3005 praeoccupata

112 3040 177 3085 non
201 3027 275 3086 sunt
297 3022 537 3105 praetermissa.
583 3022 632 3086 An
654 3028 751 3105 putas
775 3023 1023 3089 Demosthenem
1046 3024 1200 3103 tacuisse,
1224 3026 1302 3107 quia

114 3125 388 3207 comparationem
420 3124 508 3189 illam
541 3124 583 3190 ab
614 3125 772 3191 Aeschine
802 3127 931 3192 irritam
959 3126 1079 3192 factam
1110 3148 1181 3193 esse
1207 3128 1301 3193 intel·

112 3226 246 3293 lexisset
282 3250 386 3311 neque
419 3230 604 3309 habuisset,
643 3230 805 3313 quomodo
834 3237 1034 3315 praeparata
1063 3232 1103 3296 de
1135 3232 1302 3297 Sirenibus

114 3332 214 3397 verba
242 3332 343 3397 nihilo
364 3333 465 3398 661166
487 3332 681 3399 adhiberet?
727 3335 830 3413 Quam
853 3337 1048 3399 sententiam
1070 3336 1121 3401 vel
1142 3358 1202 3420 per
1224 3358 1258 3401 se
1281 3360 1301 3402 6

112 3434 347 3518 probabilitate
385 3436 614 3503 abhorrentem
651 3437 848 3503 reiciendam
886 3459 956 3504 esse
987 3439 1084 3505 facile
1114 3440 1301 3523 perspicies,

113 3539 140 3602 si
171 3538 367 3615 defensionis
394 3540 483 3606 locos
511 3540 586 3607 huic
614 3541 734 3606 similes
766 3542 952 3607 accuratius
984 3544 1173 3627 inspexeris.
1217 3542 1300 3608 Nam

113 3644 182 3707 6166
213 3643 311 3709 dubio
340 3643 501 3710 Frankius
536 3667 599 3710 uon
628 3645 731 3724 solum
760 3646 977 3712 accusationis
1010 3667 1099 3729 quas.
1120 3652 1300 3712 tractamus

7 3762 9 3767 ·
112 3747 338 3839 paragraphos
371 3753 433 3814 228
463 3754 496 3814 61
525 3754 586 3816 229
617 3749 758 3814 orationi
786 3750 821 3813 in
853 3771 953 3815 causa
977 3751 1111 3817 habitae
1140 3752 1300 3831 attribuit,

114 3851 171 3916 sed
193 3852 291 3917 61166
312 3853 538 3937 paragraphos
563 3858 623 3920 189
648 3859 681 3917 61
704 3858 775 3932 225,
799 3854 831 3918 16
855 3853 972 3937 quibus
988 3856 1164 3921 Aeschines
1186 3856 1300 3920 adver·

114 3956 193 4020 sarii
224 3956 372 4040 exempla
400 3957 559 4039 quaedam
584 3978 604 4022 a
623 3957 733 4041 pugile
756 3964 789 4022 ct
811 3978 831 4022 a
853 3957 979 4024 medico
1002 3958 1100 4024 ducta
1120 3960 1301 4044 anticipare

113 4058 250 4123 videtur.
296 4062 338 4125 At
368 4060 481 4125 eadem
512 4060 594 4126 hoec
617 4061 764 4145 exempla
784 4060 936 4127 defensor
956 4062 989 4126 in
1011 4062 1152 4127 medium
1174 4064 1301 4148 profert

112 4161 211 4244 idque
233 4164 289 4243 116,
311 4168 348 4228 61
368 4162 447 4228 nihil
471 4170 571 4245 curet,
595 4163 672 4247 quid
699 4169 791 4229 actor
813 4164 934 4230 eisdem
957 4165 997 4230 de
1013 4166 1211 4249 argumentis
1234 4169 1299 4232 iam

113 4268 309 4350 exposuerit.
344 4266 457 4332 Nonne
472 4268 573 4351 igitur
588 4269 655 4332 veri
678 4289 793 4351 parum
811 4269 915 4333 simile
931 4275 980 4335 cst
991 4270 1242 4337 Demosthenem
1259 4272 1299 4337 de

111 4370 238 4435 medice
255 4370 383 4453 quidem
400 4371 432 4434 in
447 4374 464 4457 ᾗ
481 4376 552 4451 243,
574 4370 613 4437 de
628 4371 737 4455 pugile
752 4372 785 4435 in
801 4374 819 4457 S
836 4378 897 4438 319
914 4373 1043 4454 dixisse,
1059 4375 1206 4441 Sirenum
1221 4396 1298 4443 vero

114 4474 388 4557 comparationem
414 4513 456 4521 -
480 4473 521 4539 ab
540 4474 698 4541 Aeschine
720 4475 833 4541 eodem
848 4476 943 4541 modo
960 4485 1234 4562 praeoccupatam
1257 4518 1298 4531 -
