3242 5259
615 608 832 669 ..43-

130 772 278 837 Sirenum
303 776 576 857 comparationem
602 774 798 841 adhibuisse.
845 776 1021 855 Quaeritur
1043 781 1162 855 antem,
1193 797 1251 841 cur
1279 798 1320 841 ea

129 874 231 940 verba
252 876 285 941 in
306 876 428 941 tradita
443 877 630 945 defensione
652 899 716 944 non
737 879 953 945 inveniantur.
999 878 1113 963 Neque
1133 879 1217 945 enim
1238 880 1319 945 satis
1431 933 1434 938 ⁴

130 984 188 1058 est,
221 978 255 1044 id
283 979 371 1063 quod
401 981 645 1051 Roemheldtius
658 983 683 1067 ι)
716 982 812 1063 iacit,
842 982 1060 1049 accusationis
1091 983 1319 1067 paragraphos

128 1080 202 1147 illas
225 1082 259 1147 in
277 1083 397 1149 indicio
413 1084 518 1151 dictas
534 1107 606 1151 esse
629 1106 749 1169 negare
764 1106 825 1151 nec
840 1091 930 1159 recte
943 1085 990 1165 fit,
1013 1084 1101 1170 quod
1113 1086 1281 1152 Dissenius
1291 1087 1318 1171 2)

129 1185 210 1252 nihil
238 1185 327 1253 aliud
357 1190 426 1273 agit
455 1190 518 1255 nisi
542 1190 793 1257 Demosthenioa
825 1190 926 1256 verbe
956 1190 989 1256 in
1019 1188 1146 1255 edenda
1169 1190 1319 1255 oratione

130 1292 249 1356 omissa
271 1312 343 1357 esse
366 1292 518 1359 affirmat.
564 1293 628 1360 Sed
651 1299 766 1380 sponte
790 1314 950 1379 apparere
972 1292 1052 1360 mihi
1073 1292 1204 1359 videtur
1224 1293 1319 1359 nobis

127 1395 162 1458 in
198 1412 329 1462 causam
367 1397 594 1480 inquirendum
633 1418 722 1479 esse,
760 1418 819 1463 cur
853 1397 1002 1468 Sirenum
1036 1398 1237 1483 comparatio
1275 1397 1318 1462 ab

129 1500 274 1564 oratione
297 1500 537 1585 Ctesiphontea,
558 1522 657 1585 quam
678 1502 712 1565 in
734 1501 885 1567 manibus
906 1501 1075 1582 habemur,
1097 1500 1194 1567 absit.
1239 1502 1317 1566 Sen-

128 1602 250 1668 tentiae
271 1610 380 1669 autem
404 1604 446 1670 ad
467 1605 552 1671 hano
574 1626 644 1671 rem
667 1605 894 1691 explicandam
924 1604 1114 1690 propositae
1140 1605 1316 1685 rideamus,

128 1712 237 1773 utrum
260 1710 459 1793 argumentis
481 1710 561 1775 satis
585 1710 734 1794 expensis
762 1708 995 1777 confirmentur
1026 1731 1068 1774 an
1098 1707 1318 1776 fundamentis

129 1812 288 1893 nitantur,
313 1812 431 1896 quibus
453 1812 534 1879 fides
556 1812 709 1879 habenda
730 1834 794 1879 non
819 1815 870 1879 sit.
915 1814 1071 1879 Homines
1094 1813 1180 1880 enim
1202 1812 1318 1892 critici,

129 1916 185 1999 qui
217 1915 257 1980 de
287 1916 350 1983 hac
381 1918 571 2001 quaestione
594 1916 852 2002 disputaverunt,
883 1918 953 1983 lere
979 1938 1090 1983 omnes
1112 1938 1181 1984 rem
1203 1917 1317 2001 paucis

128 2019 455 2087 verbis-absolvunt:
486 2021 542 2087 alii
573 2020 686 2087 dicunt
708 2022 958 2088 Demosthenem
983 2021 1084 2087 verba
1105 2020 1146 2086 de
1169 2021 1318 2087 Sirenum
1426 2017 1427 2024 '

129 2130 227 2190 cantu
256 2124 345 2195 faeta
373 2126 406 2189 in
438 2124 650 2191 retractanda
682 2126 830 2191 oratione
859 2147 937 2192 casu
963 2124 1231 2209 praetermisisse,
1261 2124 1318 2191 alii

128 2250 201 2294 eum
235 2228 382 2295 consulto
415 2230 502 2295 hunc
533 2228 641 2295 locum
682 2228 848 2295 delevisse.
903 2229 1086 2313 Utramque
1123 2229 1317 2295 sententiam

128 2354 357 2399 examinemus.

216 2475 233 2559 S
256 2480 285 2538 4.
324 2475 431 2557 Atque
452 2478 489 2538 ut
509 2472 649 2557 primum
673 2472 715 2537 ad
737 2471 828 2537 illam
843 2471 1094 2557 explicationem
1112 2472 1316 2553 accedamus,

128 2578 216 2661 apud
239 2576 486 2661 Sebaeferumi)
508 2576 646 2659 legimus
669 2597 741 2641 cum
757 2576 1009 2642 Demosthenem
1033 2576 1212 2642 orationem
1229 2577 1318 2661 apud

127 2680 283 2745 heliastas
306 2680 454 2745 habitam
472 2685 668 2746 retractasse
684 2685 753 2745 tum
770 2680 963 2746 Aeschinem
978 2681 1011 2744 in
1028 2680 1154 2745 edenda
1169 2681 1317 2761 oratione

127 2785 359 2869 Ctesiphontea
387 2783 483 2849 modo
514 2784 716 2849 omittentem
745 2783 842 2849 modo
871 2784 1065 2850 adicientem
1093 2783 1183 2850 haud
1209 2804 1316 2869 pauca

126 2894 269 2954 mutasse
290 2893 388 2975 atque
412 2887 609 2953 emendasse.
654 2887 823 2973 „Exempli
846 2895 973 2969 causa“,
996 2888 1104 2972 inquit
1124 2888 1173 2953 vir
1196 2888 1315 2953 doctis·

127 2991 274 3077 simus4),
299 2991 446 3072 „scheint
467 2992 529 3056 mir
551 2995 621 3057 eine
644 2990 743 3056 Stella
767 2991 824 3057 des
846 2992 1023 3057 Aeschines
1047 2991 1107 3058 aul
1127 2992 1238 3058 Worte
1259 2992 1316 3057 des
1344 3037 1348 3042 -

125 3095 361 3161 Demosthenes
390 3094 616 3178 nachtriiglioh
642 3095 751 3179 Bezug
780 3118 821 3160 zu
848 3095 996 3175 nahmen,
1025 3094 1077 3161 die
1108 3097 1167 3161 wir
1194 3097 1228 3161 in
1258 3096 1316 3161 der

126 3200 216 3265 Rede
245 3221 317 3265 vom
344 3198 472 3264 Kranae
502 3197 592 3263 nicht
618 3197 784 3269 vorfinden
886 3199 938 3264 ein
960 3198 1131 3283 Vergleich
1162 3200 1222 3264 mit
1253 3199 1316 3265 den

127 3305 263 3370 Sireuen
287 3303 331 3368 ist
352 3302 407 3368 bei
427 3302 662 3367 Demosthenes
685 3301 840 3385 nirgends
863 3324 903 3367 au
925 3302 1044 3382 finden,
1074 3302 1140 3367 und
1167 3302 1251 3367 doch
1273 3303 1317 3368 ist

126 3408 233 3473 dieser
268 3428 329 3472 von
360 3405 488 3471 solcher
517 3407 591 3486 Art,
626 3405 703 3472 dass
734 3405 910 3471 Aeschines
943 3405 1001 3470 ibn
1035 3406 1126 3471 nicht
1159 3405 1316 3491 fingieren

125 3512 270 3596 konnte,
293 3531 360 3576 war
391 3531 426 3575 er
456 3509 540 3574 doch
568 3508 622 3575 fiir
651 3509 708 3576 ihn
737 3530 795 3593 gar
819 3509 1027 3593 empfindlich
1139 3510 1231 3591 Nein,
1252 3510 1316 3577 De·

126 3614 311 3680 mosthenes
344 3612 424 3679 wird
451 3612 508 3678 ibn
538 3611 735 3696 gebraucht,
765 3611 845 3678 aber
873 3612 963 3679 nicht
990 3613 1316 3698 niedergesehrieben

126 3717 236 3783 haben
265 3724 352 3783 ...“.
401 3718 508 3800 Atque
531 3717 564 3781 in
598 3716 733 3781 eandem
766 3717 961 3781 seutentiam
994 3717 1140 3802 disputat
1170 3717 1316 3782 Blassius

126 3822 290 3913 dicens⁵):
314 3824 404 3901 Quae
427 3821 467 3886 de
491 3820 658 3886 Sirenibus
681 3819 840 3899 audimus,
872 3841 979 3900 „muss
1003 3820 1236 3887 Demosthenes
1258 3842 1317 3885 vor

126 3925 261 3991 Gericbt
290 3924 436 3989 wirklich
466 3931 596 4007 gesagt,
627 3924 693 3989 und
723 3924 900 3990 Aeschines
929 3924 982 3991 die
1006 3925 1227 4009 Verwahrung
1258 3924 1315 3989 da·

258 4184 291 4238 L.
312 4202 334 4237 c.
354 4203 381 4253 p.
400 4186 435 4238 60
452 4184 513 4237 adn.
534 4187 556 4238 l.

259 4270 293 4329 L.
312 4288 336 4324 c.
354 4289 381 4339 p.
401 4272 464 4323 219.

211 4188 409 4355 il.

212 4356 546 4427 quamnam

229 4533 240 4598 )

212 4443 502 4521 offlam·

213 4532 229 4584 5

259 4520 317 4583 Att.
338 4529 401 4583 Ber.
422 4527 473 4583 III
492 4531 524 4581 1²
540 4546 567 4598 p.
585 4532 645 4583 432.
