3242 5259
609 521 804 581 ...7-

129 692 255 769 mereri,
286 690 343 755 sed
367 691 465 755 etiarn
488 689 722 775 postulaverat,
752 694 789 755 ιιι
810 689 989 755 adversarii
1014 689 1150 755 eundem
1175 690 1320 759 ordinem

130 800 352 879 sequerentur.
398 794 466 859 Nec
494 814 570 859 vero
592 815 727 878 prorsus
750 793 985 858 Demosthenes
1008 793 1208 877 tripartitam
1231 793 1320 863 illam

129 909 262 985 γραφῆς
286 898 474 963 divisionem
496 918 574 963 suae
588 917 718 981 quoque
734 897 875 962 orationi
889 917 950 981 pro
964 896 1176 962 fundamento
1192 897 1322 964 subicit.

130 1002 338 1067 Refutatione
362 1003 445 1067 euim
468 1001 650 1086 praemissa
673 1000 935 1067 criminationum
958 1001 1104 1085 gravium
1124 1001 1164 1068 de
1180 1003 1248 1067 rita
1262 1024 1322 1067 sua

128 1106 258 1191 privata
288 1112 321 1171 et
350 1105 483 1191 publica
512 1106 554 1171 ab
578 1104 738 1171 Aeschine
768 1104 943 1170 allatarum
974 1107 1024 1191 (ἐς
1044 1107 1165 1190 9-53)
1187 1127 1239 1171 res
1261 1128 1321 1191 pro

129 1210 329 1275 Graecorum
353 1210 458 1275 salute
481 1214 591 1293 gestas
614 1208 779 1293 explicare
802 1208 1002 1294 aggreditur,
1024 1214 1063 1274 ut
1080 1208 1233 1274 ostendat
1248 1210 1321 1276 Ote-

128 1315 310 1400 siphontem
335 1313 375 1379 de
397 1314 518 1379 virtute
542 1334 603 1379 sua
626 1332 689 1377 non
721 1312 806 1379 falsa
834 1312 1042 1397 praedicasse
1074 1314 1125 1399 (ἐξ
1147 1315 1320 1398 54-110).

130 1419 193 1485 Sed
233 1423 406 1503 postquam
447 1418 587 1502 priorem
629 1422 758 1501 partem
802 1418 961 1481 factorum
996 1437 1128 1482 suorum
1162 1418 1321 1502 exposuit,

128 1522 368 1609 responsionem
393 1521 433 1587 de
455 1522 637 1613 παρανόμῳ
652 1522 805 1599 intericit,
828 1521 1019 1605 priusquam
1034 1520 1075 1586 da
1090 1521 1207 1587 ceteris
1222 1521 1322 1587 rebus

128 1628 228 1713 gestis
251 1648 289 1693 ac
313 1626 353 1691 de
376 1625 544 1691 Aeschinis
564 1625 662 1691 factis
686 1630 719 1690 et
740 1625 884 1690 moribus
903 1626 989 1709 agit,
1020 1626 1068 1689 ita
1089 1630 1127 1690 ut
1149 1645 1204 1704 ea,
1237 1646 1321 1712 quae

129 1722 270 1817 deipsis
293 1730 374 1796 iuris
397 1729 643 1813 quaestionibus
667 1728 806 1809 disserit,
829 1729 863 1793 in
877 1728 984 1793 media
1000 1728 1147 1795 oratione
1163 1728 1323 1798 collocata

129 1838 195 1902 sint
217 1837 267 1921 (ἐξ
286 1834 480 1917 111-121).
517 1833 577 1898 Vel
592 1854 632 1899 ex
654 1832 718 1898 hac
739 1832 950 1917 dispositione
971 1838 1097 1898 veteres
1117 1834 1322 1917 grammatici

129 1940 342 2023 rhetoresque
371 1943 460 2003 recte
497 1936 698 2020 collegerunt
720 1937 971 2002 Demosthenem
1000 1942 1193 2021 argumenta
1218 1937 1261 2002 ad
1283 1934 1322 2005 τὸ

128 2042 327 2112 ὑπεύθυνον
358 2047 392 2107 et
422 2041 460 2112 τὸ
490 2040 645 2128 κήρυγμα
674 2040 873 2125 pertinentia
901 2040 1067 2108 infirmare
1096 2042 1151 2111 rix
1176 2042 1322 2125 potuisse

128 2147 267 2230 ideoque
289 2147 322 2211 in
346 2146 485 2212 mediam
507 2144 726 2214 defensionem
751 2145 926 2229 accepisse.
973 2148 1019 2209 Ac
1042 2166 1081 2211 ne
1104 2144 1321 2213 recentiorum

129 2251 258 2335 quidem
300 2250 431 2335 plurimi
463 2248 714 2315 Demosthenem
753 2249 793 2314 de
819 2248 946 2332 legibus
977 2248 1151 2314 defendere
1181 2250 1320 2317 student.

128 2356 211 2421 Nam
230 2376 341 2420 omnes
358 2354 426 2419 fere
437 2354 627 2419 Aeschinem
644 2353 678 2418 in
696 2352 979 2437 argumentatione
1001 2372 1041 2422 ex
1056 2353 1207 2438 euthynis
1223 2353 1322 2420 ducta

127 2459 255 2544 (Aesch.
271 2461 308 2546 ἐξ
324 2463 439 2538 9-31,
464 2457 554 2523 Dem.
571 2459 606 2543 ἓξ
624 2459 808 2541 Ill—119)
825 2456 1026 2541 superiorem
1042 2476 1113 2523 esse
1129 2458 1322 2525 concedunt.

130 2564 178 2629 De
208 2584 347 2628 coronae
379 2567 487 2629 autem
518 2561 762 2646 praedicatione
793 2561 827 2624 in
856 2560 987 2626 theatro
1019 2560 1170 2627 facienda
1192 2561 1321 2647 (Aesch.

130 2670 166 2755 ἐξ
190 2672 334 2746 32-48,
367 2666 457 2731 Dero.
486 2668 522 2752 ἓξ
549 2671 609 2734 120
640 2671 672 2730 et
697 2666 772 2749 121)
800 2686 998 2749 quamquam
1018 2685 1082 2732 non
1104 2665 1189 2731 idem
1213 2671 1323 2733 exstat

130 2775 363 2837 sententiarum
395 2791 586 2850 consensus,
618 2775 727 2835 tamen
757 2770 835 2853 quin
861 2770 894 2833 in
918 2789 1108 2853 aequoque
1130 2770 1321 2853 quaestione

131 2875 307 2941 Aeschines
330 2874 553 2940 adversarium
575 2874 711 2953 evincat,
731 2874 862 2937 minime
882 2872 1014 2939 dubium
1031 2894 1101 2939 esse
1118 2872 1320 2939 crediderim.

131 2978 196 3044 Sed
224 2984 299 3043 utut
319 2978 353 3044 id
376 2984 440 3057 est,
468 2978 623 3043 inunum
646 2977 786 3042 omnium
809 2978 990 3042 sententiae
1014 2982 1212 3061 congruuntr
1241 2976 1322 3043 illud

131 3082 215 3147 enim
244 3082 330 3147 inter
361 3083 447 3147 viros
481 3082 594 3146 doctos
614 3081 870 3167 haudquaquam
893 3079 1058 3165 discrepat
1080 3081 1204 3161 omnia,
1238 3101 1323 3163 quae

130 3187 364 3252 Demosthenes
393 3187 425 3251 in
457 3184 583 3252 duabus
613 3185 678 3250 illis
708 3185 925 3269 paragraphis
960 3188 1019 3250 120
1044 3190 1077 3250 et
1103 3190 1159 3251 121
1186 3184 1321 3269 profert,

131 3292 212 3356 satis
243 3290 365 3356 debilia
395 3310 466 3355 esse
497 3295 530 3354 et
551 3296 714 3355 oratorem
738 3294 841 3355 totam
864 3311 931 3354 rem
955 3289 1038 3354 mira
1061 3287 1194 3354 levitate
1217 3288 1323 3354 brevi·

130 3400 264 3479 tateque
287 3394 466 3459 absolvere.
511 3393 595 3459 Nam
616 3414 681 3457 non
704 3392 800 3457 modo
817 3413 914 3476 quam
930 3393 1068 3458 strictim
1086 3392 1322 3457 Demosthenes

132 3498 353 3583 quaestionem
395 3497 484 3563 illam
521 3497 562 3562 ab
592 3497 749 3563 Aeschine
781 3502 935 3562 accurate
965 3502 1142 3562 tractatam
1172 3497 1323 3579 attingat,

132 3602 188 3666 sed
231 3602 329 3668 etiam
364 3606 566 3685 quantopere
600 3600 744 3666 defensio
783 3600 886 3679 iilius,
936 3622 1034 3684 quam
1068 3621 1153 3665 nunc
1192 3598 1322 3682 quidem

131 3704 277 3790 legimus,
302 3706 344 3771 ab
359 3705 455 3771 huius
471 3706 753 3788 argumentatione
769 3704 955 3783 abhorreat,
977 3703 1073 3770 facile
1087 3704 1322 3788 intellegemus,

132 3809 159 3874 si
182 3810 351 3893 utriusque
374 3809 475 3874 verba
495 3809 799 3893 comparaverimus.

218 3915 317 3978 Actor
357 3914 441 3977 enirn
482 3914 621 3997 primum
652 3912 891 3977 evidentissima
931 3911 1074 3976 ostendit
1103 3910 1323 3995 Ctesiphontis
1388 3980 1390 3984 ,

131 4018 298 4081 decretum
323 4016 388 4100 legi
410 4017 457 4080 illi
480 4036 662 4100 repugnare
685 4016 811 4081 iubenti
835 4036 946 4080 omnes
969 4037 989 4079 a
1012 4020 1127 4079 senatu
1150 4022 1323 4080 coronatos

131 4141 291 4203 nusquam
316 4119 394 4184 alibi
418 4120 532 4185 donari
552 4120 614 4184 nisi
637 4120 670 4183 in
693 4125 818 4199 senatu,
841 4139 952 4184 omnes
974 4139 994 4182 a
1013 4119 1134 4202 populo
1150 4124 1323 4183 coronatos

131 4225 194 4289 nisi
220 4224 253 4288 in
282 4223 439 4288 contione.
486 4224 610 4289 Deinde
634 4223 875 4288 excusationem
898 4226 1086 4307 praecavet,
1117 4242 1183 4305 qua
1207 4221 1322 4286 Demo·

132 4328 279 4393 sthenem
308 4327 350 4391 ad
373 4327 591 4412 Ctesiphontis
617 4328 818 4409 rogationem
845 4325 1073 4410 perferendam
1097 4347 1230 4393 usurum
1253 4346 1323 4391 esse

133 4435 312 4514 exspectat.
359 4430 502 4495 Alteram
542 4432 625 4495 enim
663 4430 766 4514 legem
805 4430 1011 4495 adversarios
1050 4431 1207 4496 allaturos
1235 4429 1322 4510 dicit,
