3242 5259
774 522 990 583 ...60-

286 694 374 759 litem
400 693 440 758 de
463 714 583 756 corona
605 693 763 757 intentam
787 691 891 756 secuti
913 697 998 767 sunt,
1028 689 1191 755 defensori
1213 691 1295 753 satis
1317 712 1481 773 superque

288 799 345 863 otii
369 797 477 863 fuisse.
523 797 572 860 Ex
595 818 659 880 quo
682 796 728 874 tit,
751 801 788 860 ut
808 794 900 859 verbi
923 816 1024 860 causa
1038 793 1184 858 Blassius
1197 793 1222 876 1)
1237 795 1269 859 in
1285 796 1481 861 sententiam

170 986 173 993 Δ
288 901 329 966 ab
357 899 496 966 Hubone
525 900 622 983 plane
653 899 813 963 diversam
847 898 992 981 disputet
1020 898 1201 962 rectissime
1231 897 1341 963 dicens
1364 899 1480 965 Demo-

288 1005 436 1071 sthenem
457 1010 531 1088 post
547 1003 631 1068 diem
648 1002 759 1067 iudicii
774 1002 843 1067 sine
860 1001 959 1067 dubio
974 1000 1007 1065 id
1023 1002 1137 1084 egisse,
1160 1008 1198 1067 ut
1212 1004 1481 1069 commentarium

288 1116 385 1175 antea
414 1110 571 1192 scriptum
594 1113 802 1185 retractaret,
833 1127 872 1169 ac
893 1127 1049 1189 pergens:
1082 1106 1161 1184 „Die
1183 1106 1377 1189 politischen
1400 1108 1480 1173 Ver-

287 1212 446 1277 h'altnisse
467 1212 585 1277 liessen
609 1210 684 1288 ihm,
708 1210 823 1294 gewiss
845 1232 884 1275 zu
902 1210 1022 1274 seinem
1039 1229 1172 1293 grossen
1189 1209 1369 1288 Schmerze,
1390 1212 1480 1277 diese

287 1317 357 1381 Zeit
372 1315 497 1381 vollauf
506 1324 523 1379 ‘.
569 1315 658 1395 Quae
673 1336 713 1379 ne
728 1312 951 1379 Kirchhoffius
966 1312 1096 1398 quidem
1112 1318 1219 1397 negat,
1243 1315 1335 1379 cuius
1351 1320 1480 1380 seuten-

286 1422 364 1486 tiam
404 1419 443 1484 de
474 1417 706 1503 Ctesiphontea
745 1417 786 1483 ab
823 1418 894 1502 ipso
921 1416 1138 1483 Demosthene
1170 1438 1235 1483 non
1264 1418 1353 1484 edita
1384 1419 1480 1485 llubo

287 1524 455 1609 amplexus
495 1528 552 1587 est.
609 1520 869 1605 Kirchhoffius²)
910 1522 995 1586 enim
1029 1520 1069 1586 do
1105 1521 1284 1587 defensoris
1317 1525 1477 1607 angustiis

287 1627 481 1713 quibusdam
504 1626 661 1710 temporis
683 1614 773 1691 nulla
792 1625 893 1690 verba
909 1625 1032 1691 faciens
1051 1648 1124 1691 eum
1139 1627 1272 1692 incertis
1287 1627 1479 1708 rationibus,

289 1733 459 1816 quominus
483 1732 663 1797 orationem
694 1730 871 1813 evulgaret,
898 1729 1090 1813 impeditum
1119 1751 1190 1794 esse
1216 1730 1369 1796 affirmat.
1414 1731 1479 1796 Sed

286 1842 516 1920 praeterquam
539 1834 626 1919 quod
643 1835 772 1899 minime
789 1833 1000 1916 intellegitur,
1023 1833 1101 1917 quid
1118 1833 1250 1899 tandem
1270 1834 1480 1903 Demostheni

285 1940 367 2005 talia
397 1939 531 2004 consilia
563 1939 701 2022 agitanti
731 1938 956 2016 intervenerit,
984 1959 1099 2021 graves
1130 1958 1248 2003 causae
1278 1961 1351 2005 eum
1378 1942 1478 2006 etiam

284 2043 451 2127 impulisse
474 2063 599 2121 ceuse0,
621 2048 658 2106 ut
677 2040 944 2125 Ctesiphonteam
966 2043 1155 2126 nentiquam
1176 2063 1241 2108 non
1261 2042 1351 2109 foras
1373 2044 1478 2111 daret.

284 2148 368 2213 Nam
398 2168 461 2212 non
493 2145 588 2210 modo
619 2151 657 2210 ut
683 2146 865 2210 orationem
894 2145 985 2211 illam
1012 2145 1170 2229 singulari
1200 2152 1272 2212 arte
1295 2147 1477 2214 conlectam

284 2252 459 2317 memoriae
490 2249 644 2334 proderet
666 2248 862 2333 laudemque
885 2248 946 2315 sibi
969 2257 1101 2334 pareret
1123 2251 1172 2315 uti
1194 2251 1228 2328 in
1246 2251 1367 2317 iudicio
1389 2253 1477 2337 apud

285 2354 462 2432 audientes,
488 2355 534 2419 sic
557 2375 657 2418 eausa
678 2353 772 2418 finita
793 2353 882 2437 apud
902 2353 1057 2437 legentes,
1080 2353 1138 2419 sed
1161 2354 1260 2419 etiam
1281 2360 1318 2419 ut
1333 2376 1354 2419 a
1369 2357 1477 2421 crimi-

283 2456 470 2523 nationibus
512 2458 617 2522 denuo
657 2457 783 2523 iniectis
818 2478 853 2521 se
883 2455 1091 2536 defenderet,
1138 2458 1180 2521 ad
1212 2458 1477 2543 Ctesiphonteam

285 2562 443 2628 edendam
481 2554 656 2626 adductum
693 2582 765 2625 eum
799 2582 870 2627 esse
902 2568 1049 2645 apparet.
1104 2562 1177 2641 Qua
1209 2564 1336 2630 ratione
1370 2585 1477 2629 nonne

283 2664 457 2731 verisimile
488 2670 560 2729 erat
593 2686 665 2729 eum
696 2664 896 2748 suspiciones
926 2666 1091 2731 hominum
1120 2667 1249 2732 illorum
1272 2667 1370 2733 facile
1393 2667 1476 2734 dilu-

283 2776 392 2835 turum
417 2776 450 2834 et
475 2768 742 2853 propulsaturum
772 2790 853 2847 esse,
883 2770 940 2853 qui
969 2791 1042 2834 eum
1073 2770 1288 2849 accusabant,
1317 2770 1403 2855 quod
1433 2772 1477 2836 ab

284 2872 430 2957 Harpalo
446 2874 617 2957 pecuniam
634 2873 839 2956 accepisset?
876 2874 1000 2951 Quibus
1016 2873 1058 2939 ab
1073 2873 1256 2939 hominibus
1272 2876 1304 2939 in
1320 2874 1477 2941 iudicium

284 2984 419 3043 vocatus
436 2976 670 3042 Demosthenes
693 2975 866 3043 damnatus
883 2978 1014 3061 quidem
1030 2984 1063 3043 et
1079 2979 1112 3043 in
1129 3000 1296 3044 carcerem
1311 2980 1478 3045 coniectus

285 3087 355 3162 est,
390 3080 446 3145 sed
477 3086 584 3145 tamen
618 3102 657 3145 ex
686 3081 758 3165 ipsa
793 3102 894 3146 causa
922 3102 1006 3147 anno
1035 3082 1084 3147 Ol.
1108 3082 1208 3147 CXIV
1242 3089 1254 3148 l
1288 3084 1308 3147 i.
1332 3104 1358 3147 e.
1381 3084 1477 3168 talla

286 3191 360 3250 acta
391 3185 509 3249 iterum
541 3186 619 3249 satis
650 3186 848 3271 perspicitur
872 3185 1135 3269 Ctesiphonteam
1163 3186 1219 3252 illo
1242 3192 1388 3271 tempore
1410 3187 1477 3251 iam

285 3292 319 3355 in
346 3288 511 3353 hominum
534 3310 648 3354 manus
671 3290 864 3373 pervenisse.
909 3290 994 3354 Nam
1017 3312 1056 3355 ex
1079 3290 1191 3355 decem
1213 3290 1477 3356 accusationibus

284 3393 347 3457 hac
387 3394 419 3457 in
455 3392 513 3458 lite
555 3392 676 3458 habitis
708 3393 864 3458 Dinarchi
898 3394 1017 3472 oratio,
1056 3416 1140 3478 quae
1173 3394 1363 3460 inscribitur
1392 3394 1476 3463 κατὰ

285 3497 529 3583 Δημοσθένους
561 3497 635 3581 περὶ
666 3505 736 3565 τῶν
755 3494 972 3582 Ἁρπαλείων,
1006 3498 1077 3562 sola
1104 3499 1233 3581 integra
1258 3498 1384 3563 tradita
1417 3503 1476 3563 est.

286 3602 357 3679 Qua
378 3600 411 3665 in
427 3600 575 3664 oratione
591 3599 783 3678 Dinarchus,
807 3600 1006 3666 clarissimus
1022 3602 1223 3666 imitatorum
1242 3602 1476 3680 Demosthenis,

286 3709 319 3769 et
338 3704 474 3769 aliorum
497 3710 664 3769 oratorum
686 3710 720 3769 et
734 3704 830 3769 huius
845 3706 983 3788 vestigia
997 3706 1153 3788 sequitur.
1190 3706 1341 3771 Imitatur
1356 3712 1475 3785 autem,

284 3808 318 3873 id
350 3808 437 3891 quod
467 3809 606 3872 maxime
627 3807 883 3891 praedicandum
908 3814 973 3887 est,
1003 3831 1067 3875 non
1090 3810 1194 3875 solum
1220 3811 1384 3875 orationes
1407 3812 1476 3875 eius

284 3913 393 3995 priore
415 3916 561 3995 tempore
581 3911 722 3990 habitas,
746 3912 803 3977 sed
827 3913 926 3977 etiam
943 3913 1218 3997 Ctesiphonteam,
1242 3916 1362 3998 quippe
1385 3915 1476 3980 cuius

286 4015 328 4079 ad
358 4016 375 4100 ᾗ
397 4020 456 4079 311
482 4015 641 4080 Dinarchi
663 4017 695 4080 in
719 4015 968 4081 Demosthenem
989 4019 1146 4083 orationis
1167 4018 1411 4102 paragraphum
1433 4022 1475 4087 96

372 4312 397 4377 l)
416 4308 496 4364 Dem.
516 4327 554 4363 or.
573 4311 615 4363 ed.
634 4308 740 4365 Teubn.
758 4310 861 4365 introd.
880 4329 908 4381 p.
928 4312 968 4364 12.

371 4395 597 4466 aucam
