3242 5259
563 522 856 623 ‘245-

152 718 194 793 de
223 724 403 796 defensoris
431 729 621 796 in'edeuda
651 731 798 795 oratione
830 723 999 815 diligentia
1028 726 1176 796 iudicasi
1222 732 1339 797 Utrum

152 840 248 915 putas
271 834 330 898 tibi
354 835 451 899 licere
466 833 651 912 Schaetero,
675 832 804 897 Blaesio*
824 836 1006 917 ceterisque
1032 836 1109 899 viris
1131 834 1236 900 doctis
1251 834 1340 899 haud

151 942 343 1003 cunctanter
373 939 524 1003 assentiri
548 954 589 1003 an
613 936 746 1001 etmihi
770 943 803 1002 et
825 938 885 1002 tibi
906 955 1098 1021 persuasum
1122 944 1172 1003 est
1194 938 1341 1003 adhunc

151 1060 219 1105 rem
270 1041 498 1108 absolvendam
546 1041 826 1107 accuratissimam
867 1040 907 1106 de
947 1042 1175 1107 Demosthenis
1214 1043 1341 1107 ratione

151 1144 315 1209 scribendi
338 1145 597 1229 disquisitionem
620 1164 690 1209 esse
712 1144 971 1209 instituendam?
1015 1145 1172 1228 Equidem
1194 1144 1341 1209 homines

151 1238 225 1311 illos
256 1247 369 1313 doctos
397 1270 461 1312 non
492 1250 561 1313 sine
584 1268 701 1331 magno
724 1248 1016 1331 argumentationis
1039 1249 1234 1313 detrimento
1257 1249 1341 1313 hanc

152 1351 374 1433 quaestionem
416 1351 595 1435 neglexisse
633 1372 764 1429 censeo,
801 1352 955 1434 quoniam
990 1352 1017 1415 si
1049 1353 1121 1435 quis
1150 1367 1209 1436 per
1238 1357 1340 1417 totam

152 1454 415 1539 Ctesiphonteam
439 1454 619 1521 defensoris
642 1456 884 1520 accurationem
903 1454 1130 1539 exploraverit,
1154 1455 1262 1521 facere
1277 1477 1341 1520 non

151 1558 281 1641 poterit,
309 1560 386 1642 quin
409 1559 442 1622 in
465 1560 659 1625 sententiam
682 1559 778 1642 plane
801 1557 961 1625 diversam
984 1558 1175 1624 adducatur.
1220 1560 1256 1624 In
1280 1559 1342 1624 hac

152 1662 237 1727 euim
268 1663 416 1727 oratioue
448 1662 627 1727 omittenda
653 1662 886 1728 Demosthenes
907 1669 974 1727 tam
997 1662 1171 1745 diligenter
1193 1668 1341 1728 versatus

152 1771 211 1843 est,
234 1770 399 1849 utreque
422 1766 464 1832 ah
487 1766 560 1831 aliis
582 1765 681 1832 rebus
704 1787 739 1831 se
761 1765 959 1843 defenderet,
983 1766 1045 1831 uisi
1068 1788 1150 1849 quas
1166 1767 1341 1832 Aeschines

152 1868 348 1936 adversariis
384 1870 417 1935 in
446 1870 567 1934 iudicio
598 1890 712 1934 revera
743 1868 911 1934 obiecerat
935 1908 977 1917 —
1008 1890 1205 1953 quamquam
1236 1871 1341 1953 primo

152 1971 270 2037 obtutu
299 1972 487 2056 neutiquam
518 1972 612 2039 nohis
642 1972 759 2039 mirum
788 1972 970 2051 rideretur,
1003 1974 1030 2038 si
1059 1974 1092 2037 in
1114 1980 1209 2037 tauta
1232 1994 1340 2063 rerum

152 2077 247 2161 copia
272 2076 400 2161 saepius
423 2083 517 2141 extra
540 2078 671 2156 calcem,
692 2076 780 2160 quod
800 2076 929 2156 dicitur,
953 2076 1150 2142 decurrisset
1171 2114 1214 2125 --
1236 2097 1341 2161 neque

151 2179 241 2245 locos
269 2179 443 2263 quosdam,
481 2201 563 2263 quos
594 2179 682 2264 apud
711 2181 869 2246 heliestas
897 2185 1115 2260 tractaverat,
1145 2185 1202 2245 aut
1232 2179 1341 2259 verba,

151 2304 237 2366 quae
267 2284 300 2348 in
331 2304 431 2349 causa
458 2288 572 2349 contra
595 2289 740 2349 actorem
762 2283 895 2364 fecerat,
917 2289 1032 2367 postea
1054 2284 1228 2349 omitteret.
1272 2285 1340 2349 lam

152 2386 194 2451 ad
217 2386 300 2452 haec
322 2386 538 2452 examinanda
559 2387 776 2471 accingamur.

238 2490 286 2555 Ac
297 2490 384 2573 quod
400 2492 519 2556 attinet
536 2491 578 2556 ad
593 2490 735 2575 priorem
748 2490 838 2555 illam
853 2492 1086 2573 quaestionem,
1102 2512 1178 2556 num
1190 2491 1342 2556 defensor

151 2594 185 2658 in
195 2592 477 2659 oraticnoedenda
487 2594 634 2659 consulto
652 2594 701 2660 vel
717 2596 873 2660 memoria
887 2594 997 2679 lapsus
1011 2595 1145 2659 crimina
1160 2594 1341 2679 reppulisse

153 2697 345 2763 statuendus
376 2698 434 2776 sit,
473 2699 583 2782 qualia
614 2698 790 2763 Aeschines
819 2699 852 2763 in
881 2696 1085 2763 adversarios
1114 2719 1155 2762 ne
1185 2698 1343 2764 iactasset

151 2801 292 2885 quidem,
308 2822 418 2867 omnes
435 2801 663 2867 Demosthenis
679 2801 855 2867 relationes
872 2803 904 2867 in
918 2802 1125 2867 accusatione
1134 2803 1342 2885 reperiuntur

119 2968 126 2979 ,
151 2912 283 2987 praeter
306 2925 404 2971 unam
422 2907 760 2971 commemorationem
783 2905 925 2970 foederis
942 2905 984 2971 ab
1001 2905 1251 2971 Atheniensibus
1267 2926 1340 2971 cum

151 3008 316 3092 Byzantiis
346 3009 433 3074 lacti.
485 3008 719 3075 Demosthenes
749 3010 834 3073 enim
865 3010 898 3072 in
927 3012 964 3095 ἓξ
987 3015 1113 3076 87-95
1145 3008 1184 3073 de
1219 3009 1340 3075 auxilio
1384 3082 1387 3089 ¹

151 3132 185 3176 se
208 3104 342 3178 suasore
365 3111 528 3197 Byzantiis
550 3113 618 3177 lato
642 3112 722 3178 dicit
745 3112 952 3197 ostenditque
965 3115 990 3197 ¹)
1015 3119 1158 3180 actorem
1182 3112 1251 3177 sine
1273 3112 1341 3177 ulla

151 3236 251 3281 causa
275 3216 420 3281 convicia
442 3216 633 3299 gravissima
654 3222 691 3281 ut
719 3216 753 3281 in
777 3215 986 3283 Euboeenses
1008 3217 1261 3300 Thebanosque,
1295 3218 1341 3281 sic

150 3320 182 3382 in
206 3319 379 3403 Byzantios
402 3320 586 3387 coniecisse.
625 3320 799 3386 Aeschines
824 3339 909 3399 vero,
932 3322 988 3405 qni
1011 3321 1051 3386 de
1068 3321 1219 3387 Euboicis
1242 3320 1341 3385 rebus

151 3422 185 3485 in
208 3424 225 3507 ᾗ
248 3429 289 3489 85
312 3444 392 3505 sqq,
417 3422 457 3488 de
480 3424 636 3488 societate
659 3422 816 3500 Thebana
837 3425 871 3488 in
893 3425 911 3509 ἓ
937 3430 996 3489 132
1019 3446 1088 3508 sqq.
1110 3424 1340 3490 contumeliose

151 3524 296 3606 disserit,
330 3526 558 3611 Byzantiorum
593 3527 787 3591 mentionem
818 3549 881 3593 non
912 3527 992 3593 lacit
1013 3530 1075 3593 nisi
1096 3529 1284 3594 brevissime
1306 3530 1340 3593 in

151 3628 271 3713 epilogi
309 3629 517 3714 paragrapho
555 3635 626 3696 256.
679 3629 763 3694 Num
801 3632 877 3696 inde
912 3631 1167 3698 concludendum
1198 3638 1249 3697 est
1277 3633 1339 3697 De·

150 3732 351 3797 mosthenem
376 3754 503 3799 errasse
526 3754 585 3799 nec
608 3734 687 3799 satis
711 3733 898 3817 diligentem
922 3734 1022 3800 fuisse
1054 3738 1087 3801 in
1110 3736 1341 3821 Ctesiphontea

150 3834 268 3900 litteris
292 3826 502 3903 mandanda?
546 3836 686 3902 Minime.
732 3836 814 3902 Nam
845 3837 932 3922 quod
959 3838 1128 3922 Weilius2)
1155 3841 1340 3924 suspicatur

150 3960 223 4005 eum
255 3961 363 4004 rerum
388 3939 614 4025 Byzantiorum
639 3940 858 4007 defensionem
889 3949 963 4006 ante
993 3929 1077 4007 diem
1107 3944 1218 4007 iudicii
1245 3954 1338 4027 prae'·

151 4047 302 4125 paratam
326 4042 358 4106 in
383 4050 569 4109 contextum
593 4046 762 4129 recepisse,
790 4065 987 4128 quamquam
1011 4045 1186 4111 Aeschines
1209 4047 1340 4111 incertis

152 4144 194 4239 de
218 4146 325 4210 causis
348 4146 381 4210 id
401 4145 516 4211 foedus
539 4168 602 4211 non
625 4148 858 4232 vituperasset,
888 4148 969 4212 haec
1001 4152 1161 4214 sententia
1182 4172 1247 4215 non
1266 4149 1340 4234 plus

152 4300 357 4312 .-.-,..—

241 4385 675 4456 mmmmmmwm

236 4472 483 4543 ancpmc
