<?xml version="1.0" encoding="UTF-8"?>
<!DOCTYPE html PUBLIC "-//W3C//DTD XHTML 1.0 Transitional//EN"
    "http://www.w3.org/TR/xhtml1/DTD/xhtml1-transitional.dtd">
<html xmlns="http://www.w3.org/1999/xhtml" xml:lang="en" lang="en">
 <head>
  <title>
</title>
<meta http-equiv="Content-Type" content="text/html;charset=utf-8" />
  <meta name='ocr-system' content='tesseract 3.04.00' />
  <meta name='ocr-capabilities' content='ocr_page ocr_carea ocr_par ocr_line ocrx_word'/>
</head>
<body>
  <div class='ocr_page' id='page_1' title='image "./qvomododemosthe00huebgoog_0016.png"; bbox 0 0 3242 5259; ppageno 0'>
   <div class='ocr_carea' id='block_1_1' title="bbox 757 498 973 562">
    <p class='ocr_par' dir='ltr' id='par_1_1' title="bbox 757 498 973 562">
     <span class='ocr_line' id='line_1_1' title="bbox 757 498 973 562; baseline 0 -18"><span class='ocrx_word' id='word_1_1' title='bbox 757 498 973 562; x_wconf 72' lang='lat'>...12-</span> 
     </span>
    </p>
   </div>
   <div class='ocr_carea' id='block_1_2' title="bbox 215 667 1464 4277">
    <p class='ocr_par' dir='ltr' id='par_1_2' title="bbox 215 667 1464 4277">
     <span class='ocr_line' id='line_1_2' title="bbox 268 667 1464 735; baseline 0.003 -3"><span class='ocrx_word' id='word_1_2' title='bbox 268 667 477 733; x_wconf 89' lang='lat' dir='ltr'>Demostheni</span> <span class='ocrx_word' id='word_1_3' title='bbox 501 667 675 732; x_wconf 83' lang='lat' dir='ltr'>reddendis</span> <span class='ocrx_word' id='word_1_4' title='bbox 698 672 731 732; x_wconf 91' lang='lat' dir='ltr'>et</span> <span class='ocrx_word' id='word_1_5' title='bbox 752 667 791 733; x_wconf 89' lang='lat' dir='ltr'>de</span> <span class='ocrx_word' id='word_1_6' title='bbox 816 688 937 733; x_wconf 86' lang='lat' dir='ltr'>corona</span> <span class='ocrx_word' id='word_1_7' title='bbox 959 668 1071 732; x_wconf 90' lang='lat' dir='ltr'>nonin</span> <span class='ocrx_word' id='word_1_8' title='bbox 1096 668 1227 733; x_wconf 88' lang='lat' dir='ltr'>theatro</span> <span class='ocrx_word' id='word_1_9' title='bbox 1245 669 1464 735; x_wconf 85' lang='lat' dir='ltr'>renuntianda</span> 
     </span>
     <span class='ocr_line' id='line_1_3' title="bbox 267 770 1464 856; baseline 0.001 -19"><span class='ocrx_word' id='word_1_10' title='bbox 267 772 446 838; x_wconf 83' lang='lat' dir='ltr'>disseritur.</span> <span class='ocrx_word' id='word_1_11' title='bbox 492 772 583 850; x_wconf 83' lang='lat' dir='ltr'>Quae</span> <span class='ocrx_word' id='word_1_12' title='bbox 617 792 657 835; x_wconf 92' lang='lat' dir='ltr'>ne</span> <span class='ocrx_word' id='word_1_13' title='bbox 677 770 961 856; x_wconf 84' lang='lat' dir='ltr'>Roemheldtius1)</span> <span class='ocrx_word' id='word_1_14' title='bbox 992 771 1122 855; x_wconf 89' lang='lat' dir='ltr'>quidem</span> <span class='ocrx_word' id='word_1_15' title='bbox 1143 778 1261 856; x_wconf 88' lang='lat' dir='ltr'>negat,</span> <span class='ocrx_word' id='word_1_16' title='bbox 1292 774 1348 856; x_wconf 91' lang='lat' dir='ltr'>qui</span> <span class='ocrx_word' id='word_1_17' title='bbox 1370 778 1464 839; x_wconf 82' lang='lat' dir='ltr'>ratus</span> 
     </span>
     <span class='ocr_line' id='line_1_4' title="bbox 267 874 1462 955; baseline 0.002 -15"><span class='ocrx_word' id='word_1_18' title='bbox 267 876 440 941; x_wconf 81' lang='lat' dir='ltr'>maximam</span> <span class='ocrx_word' id='word_1_19' title='bbox 472 874 535 939; x_wconf 89' lang='lat' dir='ltr'>vim</span> <span class='ocrx_word' id='word_1_20' title='bbox 569 874 665 940; x_wconf 88' lang='lat' dir='ltr'>huius</span> <span class='ocrx_word' id='word_1_21' title='bbox 696 874 807 941; x_wconf 88' lang='lat' dir='ltr'>iudicii</span> <span class='ocrx_word' id='word_1_22' title='bbox 838 876 871 939; x_wconf 91' lang='lat' dir='ltr'>in</span> <span class='ocrx_word' id='word_1_23' title='bbox 903 896 942 941; x_wconf 89' lang='lat' dir='ltr'>eo</span> <span class='ocrx_word' id='word_1_24' title='bbox 971 896 1059 955; x_wconf 89' lang='lat' dir='ltr'>esse,</span> <span class='ocrx_word' id='word_1_25' title='bbox 1094 881 1202 941; x_wconf 91' lang='lat' dir='ltr'>utrum</span> <span class='ocrx_word' id='word_1_26' title='bbox 1234 876 1462 943; x_wconf 79' lang='lat' dir='ltr'>Demosthenis</span> 
     </span>
     <span class='ocr_line' id='line_1_5' title="bbox 266 971 1462 1063; baseline 0.001 -19"><span class='ocrx_word' id='word_1_27' title='bbox 266 980 313 1045; x_wconf 92' lang='lat' dir='ltr'>rei</span> <span class='ocrx_word' id='word_1_28' title='bbox 349 978 501 1063; x_wconf 89' lang='lat' dir='ltr'>publicae</span> <span class='ocrx_word' id='word_1_29' title='bbox 541 977 780 1045; x_wconf 80' lang='lat' dir='ltr'>administratio</span> <span class='ocrx_word' id='word_1_30' title='bbox 824 978 992 1045; x_wconf 89' lang='lat' dir='ltr'>commodo</span> <span class='ocrx_word' id='word_1_31' title='bbox 1031 971 1073 1043; x_wconf 84' lang='lat' dir='ltr'>an</span> <span class='ocrx_word' id='word_1_32' title='bbox 1110 978 1305 1045; x_wconf 87' lang='lat' dir='ltr'>detrimento</span> <span class='ocrx_word' id='word_1_33' title='bbox 1339 980 1462 1046; x_wconf 84' lang='lat' dir='ltr'>civitati</span> 
     </span>
     <span class='ocr_line' id='line_1_6' title="bbox 267 1081 1462 1167; baseline 0.002 -19"><span class='ocrx_word' id='word_1_34' title='bbox 267 1084 390 1162; x_wconf 88' lang='lat' dir='ltr'>fuisset,</span> <span class='ocrx_word' id='word_1_35' title='bbox 421 1088 530 1147; x_wconf 92' lang='lat' dir='ltr'>tamen</span> <span class='ocrx_word' id='word_1_36' title='bbox 553 1081 744 1148; x_wconf 80' lang='lat' dir='ltr'>Aeschinem</span> <span class='ocrx_word' id='word_1_37' title='bbox 775 1083 808 1147; x_wconf 92' lang='lat' dir='ltr'>in</span> <span class='ocrx_word' id='word_1_38' title='bbox 835 1082 994 1167; x_wconf 77' lang='lat' dir='ltr'>neglectis</span> <span class='ocrx_word' id='word_1_39' title='bbox 1016 1081 1144 1166; x_wconf 86' lang='lat' dir='ltr'>legibus</span> <span class='ocrx_word' id='word_1_40' title='bbox 1166 1104 1319 1167; x_wconf 86' lang='lat' dir='ltr'>magnum</span> <span class='ocrx_word' id='word_1_41' title='bbox 1343 1104 1462 1150; x_wconf 85' lang='lat' dir='ltr'>causae</span> 
     </span>
     <span class='ocr_line' id='line_1_7' title="bbox 266 1186 1463 1270; baseline 0.002 -17"><span class='ocrx_word' id='word_1_42' title='bbox 266 1187 505 1253; x_wconf 88' lang='lat' dir='ltr'>firmamentum</span> <span class='ocrx_word' id='word_1_43' title='bbox 536 1186 684 1270; x_wconf 87' lang='lat' dir='ltr'>posuisse</span> <span class='ocrx_word' id='word_1_44' title='bbox 713 1186 871 1252; x_wconf 88' lang='lat' dir='ltr'>concedit.</span> <span class='ocrx_word' id='word_1_45' title='bbox 926 1187 1018 1266; x_wconf 81' lang='lat' dir='ltr'>Quae</span> <span class='ocrx_word' id='word_1_46' title='bbox 1047 1206 1119 1251; x_wconf 90' lang='lat' dir='ltr'>cum</span> <span class='ocrx_word' id='word_1_47' title='bbox 1148 1188 1203 1252; x_wconf 56' lang='lat' dir='ltr'>ita⁴</span> <span class='ocrx_word' id='word_1_48' title='bbox 1229 1194 1355 1269; x_wconf 86' lang='lat' dir='ltr'>essent,</span> <span class='ocrx_word' id='word_1_49' title='bbox 1390 1211 1463 1255; x_wconf 86' lang='lat' dir='ltr'>mea</span> 
     </span>
     <span class='ocr_line' id='line_1_8' title="bbox 268 1288 1462 1377; baseline 0.002 -22"><span class='ocrx_word' id='word_1_50' title='bbox 268 1291 397 1375; x_wconf 91' lang='lat' dir='ltr'>quidem</span> <span class='ocrx_word' id='word_1_51' title='bbox 422 1290 583 1355; x_wconf 89' lang='lat' dir='ltr'>sententia</span> <span class='ocrx_word' id='word_1_52' title='bbox 606 1288 768 1355; x_wconf 87' lang='lat' dir='ltr'>defensori</span> <span class='ocrx_word' id='word_1_53' title='bbox 798 1290 1016 1355; x_wconf 72' lang='lat' dir='ltr'>accusationis</span> <span class='ocrx_word' id='word_1_54' title='bbox 1041 1290 1198 1377; x_wconf 73' lang='grc' dir='ltr'><em>νόμιμον,</em></span> <span class='ocrx_word' id='word_1_55' title='bbox 1231 1291 1318 1374; x_wconf 90' lang='lat' dir='ltr'>quod</span> <span class='ocrx_word' id='word_1_56' title='bbox 1341 1291 1462 1375; x_wconf 86' lang='lat' dir='ltr'>dicunt,</span> 
     </span>
     <span class='ocr_line' id='line_1_9' title="bbox 267 1392 1461 1478; baseline 0.003 -20"><span class='ocrx_word' id='word_1_57' title='bbox 267 1414 474 1477; x_wconf 86' lang='lat' dir='ltr'>nequaquam</span> <span class='ocrx_word' id='word_1_58' title='bbox 495 1400 561 1457; x_wconf 91' lang='lat' dir='ltr'>tam</span> <span class='ocrx_word' id='word_1_59' title='bbox 586 1394 679 1477; x_wconf 89' lang='lat' dir='ltr'>parvi</span> <span class='ocrx_word' id='word_1_60' title='bbox 702 1393 957 1473; x_wconf 87' lang='lat' dir='ltr'>aestimandum,</span> <span class='ocrx_word' id='word_1_61' title='bbox 990 1392 1048 1458; x_wconf 90' lang='lat' dir='ltr'>sed</span> <span class='ocrx_word' id='word_1_62' title='bbox 1070 1399 1108 1458; x_wconf 90' lang='lat' dir='ltr'>ut</span> <span class='ocrx_word' id='word_1_63' title='bbox 1136 1392 1177 1459; x_wconf 89' lang='lat' dir='ltr'>de</span> <span class='ocrx_word' id='word_1_64' title='bbox 1199 1394 1320 1478; x_wconf 85' lang='lat' dir='ltr'>primo,</span> <span class='ocrx_word' id='word_1_65' title='bbox 1349 1396 1397 1461; x_wconf 91' lang='lat' dir='ltr'>ita</span> <span class='ocrx_word' id='word_1_66' title='bbox 1420 1396 1461 1462; x_wconf 89' lang='lat' dir='ltr'>dc</span> 
     </span>
     <span class='ocr_line' id='line_1_10' title="bbox 268 1496 1461 1586; baseline 0.002 -23"><span class='ocrx_word' id='word_1_67' title='bbox 268 1498 409 1563; x_wconf 89' lang='lat' dir='ltr'>secundo</span> <span class='ocrx_word' id='word_1_68' title='bbox 432 1496 614 1586; x_wconf 81' lang='grc' dir='ltr'><strong><em>παρανόμῳ</em></strong></span> <span class='ocrx_word' id='word_1_69' title='bbox 639 1496 863 1581; x_wconf 84' lang='lat' dir='ltr'>copiosissime</span> <span class='ocrx_word' id='word_1_70' title='bbox 886 1496 1118 1581; x_wconf 76' lang='lat' dir='ltr'>disputandum</span> <span class='ocrx_word' id='word_1_71' title='bbox 1150 1504 1239 1577; x_wconf 84' lang='lat' dir='ltr'>erat,</span> <span class='ocrx_word' id='word_1_72' title='bbox 1268 1501 1461 1583; x_wconf 87' lang='lat' dir='ltr'>praesertim</span> 
     </span>
     <span class='ocr_line' id='line_1_11' title="bbox 268 1601 1462 1687; baseline 0.003 -22"><span class='ocrx_word' id='word_1_73' title='bbox 268 1603 322 1685; x_wconf 91' lang='lat' dir='ltr'>qui</span> <span class='ocrx_word' id='word_1_74' title='bbox 344 1603 414 1687; x_wconf 89' lang='lat' dir='ltr'>ipse</span> <span class='ocrx_word' id='word_1_75' title='bbox 436 1602 577 1667; x_wconf 88' lang='lat' dir='ltr'>dilucide</span> <span class='ocrx_word' id='word_1_76' title='bbox 599 1601 804 1685; x_wconf 87' lang='lat' dir='ltr'>promisisset</span> <span class='ocrx_word' id='word_1_77' title='bbox 827 1623 861 1666; x_wconf 91' lang='lat' dir='ltr'>se</span> <span class='ocrx_word' id='word_1_78' title='bbox 884 1602 1006 1666; x_wconf 88' lang='lat' dir='ltr'>actoris</span> <span class='ocrx_word' id='word_1_79' title='bbox 1029 1620 1141 1666; x_wconf 90' lang='lat' dir='ltr'>omnes</span> <span class='ocrx_word' id='word_1_80' title='bbox 1169 1601 1211 1666; x_wconf 91' lang='lat' dir='ltr'>ad</span> <span class='ocrx_word' id='word_1_81' title='bbox 1234 1617 1336 1667; x_wconf 85' lang='lat' dir='ltr'>unam·</span> <span class='ocrx_word' id='word_1_82' title='bbox 1356 1605 1462 1669; x_wconf 88' lang='lat' dir='ltr'>crimi-</span> 
     </span>
     <span class='ocr_line' id='line_1_12' title="bbox 268 1704 1464 1795; baseline 0.007 -26"><span class='ocrx_word' id='word_1_83' title='bbox 268 1707 418 1770; x_wconf 90' lang='lat' dir='ltr'>nationes</span> <span class='ocrx_word' id='word_1_84' title='bbox 450 1704 668 1771; x_wconf 85' lang='lat' dir='ltr'>relutaturum</span> <span class='ocrx_word' id='word_1_85' title='bbox 702 1726 781 1770; x_wconf 89' lang='lat' dir='ltr'>esse.</span> <span class='ocrx_word' id='word_1_86' title='bbox 827 1706 909 1770; x_wconf 86' lang='lat' dir='ltr'>Nam</span> <span class='ocrx_word' id='word_1_87' title='bbox 940 1704 974 1769; x_wconf 90' lang='lat' dir='ltr'>in</span> <span class='ocrx_word' id='word_1_88' title='bbox 1002 1707 1021 1791; x_wconf 56' lang='grc' dir='ltr'>ᾗ</span> <span class='ocrx_word' id='word_1_89' title='bbox 1052 1710 1091 1769; x_wconf 82' lang='lat'>17</span> <span class='ocrx_word' id='word_1_90' title='bbox 1122 1705 1266 1771; x_wconf 83' lang='lat' dir='ltr'>dixerat:</span> <span class='ocrx_word' id='word_1_91' title='bbox 1300 1705 1464 1795; x_wconf 80' lang='grc' dir='ltr'><em>βούλομαι</em></span> 
     </span>
     <span class='ocr_line' id='line_1_13' title="bbox 266 1807 1463 1896; baseline 0.001 -19"><span class='ocrx_word' id='word_1_92' title='bbox 266 1810 302 1877; x_wconf 80' lang='grc' dir='ltr'>δέ</span> <span class='ocrx_word' id='word_1_93' title='bbox 332 1809 409 1878; x_wconf 79' lang='grc' dir='ltr'><em>καθ’</em></span> <span class='ocrx_word' id='word_1_94' title='bbox 439 1813 478 1878; x_wconf 71' lang='grc' dir='ltr'>ἓν</span> <span class='ocrx_word' id='word_1_95' title='bbox 501 1810 641 1877; x_wconf 80' lang='grc' dir='ltr'><em>ἕκαστον</em></span> <span class='ocrx_word' id='word_1_96' title='bbox 667 1818 736 1877; x_wconf 84' lang='grc' dir='ltr'>τῶν</span> <span class='ocrx_word' id='word_1_97' title='bbox 759 1809 1043 1896; x_wconf 78' lang='grc' dir='ltr'><em>κατηγορημένων</em></span> <span class='ocrx_word' id='word_1_98' title='bbox 1063 1807 1213 1890; x_wconf 75' lang='grc' dir='ltr'><strong><em>ἐξετάσαι</em></strong></span> <span class='ocrx_word' id='word_1_99' title='bbox 1238 1816 1271 1875; x_wconf 86' lang='lat' dir='ltr'>et</span> <span class='ocrx_word' id='word_1_100' title='bbox 1300 1812 1332 1875; x_wconf 92' lang='lat' dir='ltr'>iu</span> <span class='ocrx_word' id='word_1_101' title='bbox 1363 1812 1380 1896; x_wconf 65' lang='grc' dir='ltr'>ξ</span> <span class='ocrx_word' id='word_1_102' title='bbox 1406 1817 1463 1878; x_wconf 81' lang='grc'>34;</span> 
     </span>
     <span class='ocr_line' id='line_1_14' title="bbox 266 1910 1464 2000; baseline 0.001 -19"><span class='ocrx_word' id='word_1_103' title='bbox 266 1911 395 2000; x_wconf 79' lang='grc' dir='ltr'><em>ἀνάγκη</em></span> <span class='ocrx_word' id='word_1_104' title='bbox 413 1914 485 2000; x_wconf 82' lang='grc' dir='ltr'><em>ἐμοὶ</em></span> <span class='ocrx_word' id='word_1_105' title='bbox 501 1911 584 1997; x_wconf 84' lang='grc' dir='ltr'><em>πρὸς</em></span> <span class='ocrx_word' id='word_1_106' title='bbox 600 1914 720 1981; x_wconf 84' lang='grc' dir='ltr'><em>έκαοτα</em></span> <span class='ocrx_word' id='word_1_107' title='bbox 740 1922 809 1983; x_wconf 84' lang='grc' dir='ltr'>τῶν</span> <span class='ocrx_word' id='word_1_108' title='bbox 824 1912 1106 2000; x_wconf 78' lang='grc' dir='ltr'><em>κατηγορημένων</em></span> <span class='ocrx_word' id='word_1_109' title='bbox 1118 1910 1203 1999; x_wconf 80' lang='grc' dir='ltr'><em>μίκρ’</em></span> <span class='ocrx_word' id='word_1_110' title='bbox 1214 1910 1464 1999; x_wconf 80' lang='grc' dir='ltr'><em>ἀποκρίνασθαι</em></span> 
     </span>
     <span class='ocr_line' id='line_1_15' title="bbox 266 2012 1463 2105; baseline 0.003 -23"><span class='ocrx_word' id='word_1_111' title='bbox 266 2023 299 2082; x_wconf 88' lang='lat' dir='ltr'>et</span> <span class='ocrx_word' id='word_1_112' title='bbox 326 2018 359 2081; x_wconf 93' lang='lat' dir='ltr'>in</span> <span class='ocrx_word' id='word_1_113' title='bbox 390 2020 488 2104; x_wconf 73' lang='lat'>§562</span> <span class='ocrx_word' id='word_1_114' title='bbox 518 2018 594 2102; x_wconf 79' lang='grc' dir='ltr'><em>περὶ</em></span> <span class='ocrx_word' id='word_1_115' title='bbox 624 2015 762 2084; x_wconf 81' lang='grc' dir='ltr'><em>πάντων</em></span> <span class='ocrx_word' id='word_1_116' title='bbox 791 2018 859 2102; x_wconf 80' lang='grc' dir='ltr'>ἐρῶ</span> <span class='ocrx_word' id='word_1_117' title='bbox 879 2012 955 2084; x_wconf 75' lang='grc' dir='ltr'><em>καθ’</em></span> <span class='ocrx_word' id='word_1_118' title='bbox 981 2017 1121 2085; x_wconf 79' lang='grc' dir='ltr'><em>ἕκαστον</em></span> <span class='ocrx_word' id='word_1_119' title='bbox 1144 2018 1263 2105; x_wconf 76' lang='grc' dir='ltr'><strong><em>ἐφεξῆς</em></strong></span> <span class='ocrx_word' id='word_1_120' title='bbox 1284 2015 1463 2087; x_wconf 70' lang='lat' dir='ltr'>calcidio</span> 
     </span>
     <span class='ocr_line' id='line_1_16' title="bbox 266 2120 1462 2206; baseline -0.003 -16"><span class='ocrx_word' id='word_1_121' title='bbox 266 2120 353 2190; x_wconf 80' lang='grc' dir='ltr'><em>ἑκὼν</em></span> <span class='ocrx_word' id='word_1_122' title='bbox 369 2126 574 2206; x_wconf 77' lang='grc' dir='ltr'><em>παραλείψω,</em></span> <span class='ocrx_word' id='word_1_123' title='bbox 602 2121 643 2185; x_wconf 86' lang='lat' dir='ltr'>Et</span> <span class='ocrx_word' id='word_1_124' title='bbox 659 2121 831 2204; x_wconf 89' lang='lat' dir='ltr'>quisquam</span> <span class='ocrx_word' id='word_1_125' title='bbox 849 2120 1024 2185; x_wconf 87' lang='lat' dir='ltr'>contendet</span> <span class='ocrx_word' id='word_1_126' title='bbox 1039 2121 1169 2185; x_wconf 91' lang='lat' dir='ltr'>minime</span> <span class='ocrx_word' id='word_1_127' title='bbox 1185 2142 1257 2187; x_wconf 88' lang='lat' dir='ltr'>esse</span> <span class='ocrx_word' id='word_1_128' title='bbox 1270 2122 1462 2201; x_wconf 84' lang='lat' dir='ltr'>mirandum,</span> 
     </span>
     <span class='ocr_line' id='line_1_17' title="bbox 266 2224 1463 2308; baseline 0.002 -19"><span class='ocrx_word' id='word_1_129' title='bbox 266 2227 292 2290; x_wconf 93' lang='lat' dir='ltr'>si</span> <span class='ocrx_word' id='word_1_130' title='bbox 316 2226 566 2302; x_wconf 79' lang='lat' dir='ltr'>Demosthenes,</span> <span class='ocrx_word' id='word_1_131' title='bbox 601 2246 696 2308; x_wconf 90' lang='lat' dir='ltr'>quem</span> <span class='ocrx_word' id='word_1_132' title='bbox 729 2245 844 2288; x_wconf 87' lang='lat' dir='ltr'>revera</span> <span class='ocrx_word' id='word_1_133' title='bbox 873 2224 947 2288; x_wconf 88' lang='lat' dir='ltr'>aliis</span> <span class='ocrx_word' id='word_1_134' title='bbox 976 2224 1056 2289; x_wconf 92' lang='lat' dir='ltr'>locis</span> <span class='ocrx_word' id='word_1_135' title='bbox 1079 2230 1271 2308; x_wconf 87' lang='lat' dir='ltr'>argumenta</span> <span class='ocrx_word' id='word_1_136' title='bbox 1295 2225 1463 2291; x_wconf 80' lang='lat' dir='ltr'>Aeschinis</span> 
     </span>
     <span class='ocr_line' id='line_1_18' title="bbox 266 2328 1463 2413; baseline 0.002 -21"><span class='ocrx_word' id='word_1_137' title='bbox 266 2329 315 2393; x_wconf 82' lang='lat' dir='ltr'>vel</span> <span class='ocrx_word' id='word_1_138' title='bbox 347 2329 562 2393; x_wconf 90' lang='lat' dir='ltr'>minutissima</span> <span class='ocrx_word' id='word_1_139' title='bbox 593 2330 715 2393; x_wconf 90' lang='lat' dir='ltr'>reicere</span> <span class='ocrx_word' id='word_1_140' title='bbox 746 2328 909 2405; x_wconf 83' lang='lat' dir='ltr'>videmus,</span> <span class='ocrx_word' id='word_1_141' title='bbox 940 2328 973 2391; x_wconf 96' lang='lat' dir='ltr'>in</span> <span class='ocrx_word' id='word_1_142' title='bbox 995 2330 1031 2413; x_wconf 62' lang='grc' dir='ltr'>ἓξ</span> <span class='ocrx_word' id='word_1_143' title='bbox 1057 2334 1118 2393; x_wconf 80' lang='lat'>120</span> <span class='ocrx_word' id='word_1_144' title='bbox 1148 2333 1267 2405; x_wconf 71' lang='lat' dir='ltr'>etltl</span> <span class='ocrx_word' id='word_1_145' title='bbox 1293 2329 1463 2412; x_wconf 87' lang='lat' dir='ltr'>promissis</span> 
     </span>
     <span class='ocr_line' id='line_1_19' title="bbox 267 2430 1463 2516; baseline 0.001 -19"><span class='ocrx_word' id='word_1_146' title='bbox 267 2455 329 2498; x_wconf 93' lang='lat' dir='ltr'>non</span> <span class='ocrx_word' id='word_1_147' title='bbox 348 2439 413 2497; x_wconf 89' lang='lat' dir='ltr'>stet</span> <span class='ocrx_word' id='word_1_148' title='bbox 430 2454 469 2497; x_wconf 92' lang='lat' dir='ltr'>ac</span> <span class='ocrx_word' id='word_1_149' title='bbox 489 2454 528 2496; x_wconf 92' lang='lat' dir='ltr'>ne</span> <span class='ocrx_word' id='word_1_150' title='bbox 547 2453 610 2496; x_wconf 93' lang='lat' dir='ltr'>uno</span> <span class='ocrx_word' id='word_1_151' title='bbox 624 2432 752 2515; x_wconf 89' lang='lat' dir='ltr'>quidem</span> <span class='ocrx_word' id='word_1_152' title='bbox 766 2431 867 2496; x_wconf 84' lang='lat' dir='ltr'>verbo</span> <span class='ocrx_word' id='word_1_153' title='bbox 883 2430 923 2496; x_wconf 92' lang='lat' dir='ltr'>de</span> <span class='ocrx_word' id='word_1_154' title='bbox 937 2432 1047 2515; x_wconf 90' lang='lat' dir='ltr'>priore</span> <span class='ocrx_word' id='word_1_155' title='bbox 1062 2432 1120 2496; x_wconf 87' lang='lat' dir='ltr'>illa</span> <span class='ocrx_word' id='word_1_156' title='bbox 1133 2432 1205 2516; x_wconf 90' lang='lat' dir='ltr'>lege</span> <span class='ocrx_word' id='word_1_157' title='bbox 1220 2431 1463 2516; x_wconf 89' lang='lat' dir='ltr'>honoribusque</span> 
     </span>
     <span class='ocr_line' id='line_1_20' title="bbox 268 2534 1463 2619; baseline 0 -18"><span class='ocrx_word' id='word_1_158' title='bbox 268 2543 454 2602; x_wconf 87' lang='lat' dir='ltr'>exterarum</span> <span class='ocrx_word' id='word_1_159' title='bbox 482 2537 650 2601; x_wconf 90' lang='lat' dir='ltr'>civitatuln</span> <span class='ocrx_word' id='word_1_160' title='bbox 683 2534 860 2619; x_wconf 79' lang='lat' dir='ltr'>loquatur?</span> <span class='ocrx_word' id='word_1_161' title='bbox 915 2534 1008 2614; x_wconf 81' lang='lat' dir='ltr'>Quod</span> <span class='ocrx_word' id='word_1_162' title='bbox 1039 2542 1148 2601; x_wconf 88' lang='lat' dir='ltr'>autem</span> <span class='ocrx_word' id='word_1_163' title='bbox 1179 2534 1326 2600; x_wconf 87' lang='lat' dir='ltr'>Blassius</span> <span class='ocrx_word' id='word_1_164' title='bbox 1353 2542 1463 2601; x_wconf 89' lang='lat' dir='ltr'>censet</span> 
     </span>
     <span class='ocr_line' id='line_1_21' title="bbox 266 2639 1462 2724; baseline 0 -19"><span class='ocrx_word' id='word_1_165' title='bbox 266 2663 306 2705; x_wconf 94' lang='lat' dir='ltr'>ne</span> <span class='ocrx_word' id='word_1_166' title='bbox 319 2640 506 2705; x_wconf 78' lang='lat' dir='ltr'>interfuisse</span> <span class='ocrx_word' id='word_1_167' title='bbox 519 2640 648 2723; x_wconf 91' lang='lat' dir='ltr'>quidem</span> <span class='ocrx_word' id='word_1_168' title='bbox 664 2639 865 2703; x_wconf 88' lang='lat' dir='ltr'>audientium</span> <span class='ocrx_word' id='word_1_169' title='bbox 882 2639 962 2704; x_wconf 90' lang='lat' dir='ltr'>iuris</span> <span class='ocrx_word' id='word_1_170' title='bbox 976 2640 1199 2722; x_wconf 88' lang='lat' dir='ltr'>quaestionem</span> <span class='ocrx_word' id='word_1_171' title='bbox 1213 2639 1462 2724; x_wconf 86' lang='lat' dir='ltr'>aDemosthene</span> 
     </span>
     <span class='ocr_line' id='line_1_22' title="bbox 267 2728 1461 2828; baseline -0.001 -19"><span class='ocrx_word' id='word_1_172' title='bbox 267 2745 453 2809; x_wconf 86' lang='lat' dir='ltr'>accuratius</span> <span class='ocrx_word' id='word_1_173' title='bbox 465 2745 612 2824; x_wconf 88' lang='lat' dir='ltr'>tractari,</span> <span class='ocrx_word' id='word_1_174' title='bbox 632 2728 781 2826; x_wconf 82' lang='lat' dir='ltr'>equidem</span> <span class='ocrx_word' id='word_1_175' title='bbox 794 2742 880 2807; x_wconf 90' lang='lat' dir='ltr'>hano</span> <span class='ocrx_word' id='word_1_176' title='bbox 894 2743 1087 2807; x_wconf 89' lang='lat' dir='ltr'>sententiam</span> <span class='ocrx_word' id='word_1_177' title='bbox 1097 2743 1238 2827; x_wconf 82' lang='lat' dir='ltr'>probare</span> <span class='ocrx_word' id='word_1_178' title='bbox 1246 2765 1310 2808; x_wconf 89' lang='lat' dir='ltr'>non</span> <span class='ocrx_word' id='word_1_179' title='bbox 1318 2764 1461 2828; x_wconf 87' lang='lat' dir='ltr'>possum.</span> 
     </span>
     <span class='ocr_line' id='line_1_23' title="bbox 215 2846 1462 2937; baseline 0.002 -24"><span class='ocrx_word' id='word_1_180' title='bbox 215 2931 219 2937; x_wconf 86' lang='lat'>.</span> <span class='ocrx_word' id='word_1_181' title='bbox 266 2849 348 2913; x_wconf 90' lang='lat' dir='ltr'>Nam</span> <span class='ocrx_word' id='word_1_182' title='bbox 374 2848 525 2912; x_wconf 77' lang='lat' dir='ltr'>defensor</span> <span class='ocrx_word' id='word_1_183' title='bbox 547 2848 580 2911; x_wconf 91' lang='lat' dir='ltr'>in</span> <span class='ocrx_word' id='word_1_184' title='bbox 605 2850 701 2934; x_wconf 67' lang='lat'>§110</span> <span class='ocrx_word' id='word_1_185' title='bbox 725 2846 805 2911; x_wconf 88' lang='lat' dir='ltr'>satis</span> <span class='ocrx_word' id='word_1_186' title='bbox 830 2851 943 2929; x_wconf 89' lang='lat' dir='ltr'>aperte</span> <span class='ocrx_word' id='word_1_187' title='bbox 962 2846 1091 2910; x_wconf 87' lang='lat' dir='ltr'>dixerat</span> <span class='ocrx_word' id='word_1_188' title='bbox 1107 2853 1258 2930; x_wconf 91' lang='lat' dir='ltr'>oportere</span> <span class='ocrx_word' id='word_1_189' title='bbox 1273 2868 1308 2911; x_wconf 89' lang='lat' dir='ltr'>se</span> <span class='ocrx_word' id='word_1_190' title='bbox 1325 2857 1462 2933; x_wconf 84' lang='grc' dir='ltr'><em>πρῶτον</em></span> 
     </span>
     <span class='ocr_line' id='line_1_24' title="bbox 264 2947 1459 3039; baseline -0.003 -18"><span class='ocrx_word' id='word_1_191' title='bbox 264 2954 326 3039; x_wconf 80' lang='grc' dir='ltr'>μέν</span> <span class='ocrx_word' id='word_1_192' title='bbox 350 2953 469 3037; x_wconf 81' lang='grc' dir='ltr'><strong><em>ἐφεξῆς</em></strong></span> <span class='ocrx_word' id='word_1_193' title='bbox 492 2950 570 3031; x_wconf 82' lang='grc' dir='ltr'><em>τοὺς</em></span> <span class='ocrx_word' id='word_1_194' title='bbox 594 2952 669 3034; x_wconf 83' lang='grc' dir='ltr'><em>περὶ</em></span> <span class='ocrx_word' id='word_1_195' title='bbox 692 2947 800 3018; x_wconf 85' lang='grc' dir='ltr'><em>αὐτοῦ</em></span> <span class='ocrx_word' id='word_1_196' title='bbox 821 2958 883 3017; x_wconf 91' lang='grc' dir='ltr'>τοῦ</span> <span class='ocrx_word' id='word_1_197' title='bbox 905 2948 1104 3037; x_wconf 81' lang='grc' dir='ltr'><em>παρανόμου</em></span> <span class='ocrx_word' id='word_1_198' title='bbox 1121 2949 1244 3037; x_wconf 76' lang='grc' dir='ltr'><em>λόγους</em></span> <span class='ocrx_word' id='word_1_199' title='bbox 1260 2947 1459 3019; x_wconf 75' lang='grc' dir='ltr'><em>ἀποδοῦναι.</em></span> 
     </span>
     <span class='ocr_line' id='line_1_25' title="bbox 267 3057 1460 3139; baseline -0.002 -19"><span class='ocrx_word' id='word_1_200' title='bbox 267 3058 382 3139; x_wconf 88' lang='lat' dir='ltr'>ltaque</span> <span class='ocrx_word' id='word_1_201' title='bbox 415 3076 477 3119; x_wconf 89' lang='lat' dir='ltr'>non</span> <span class='ocrx_word' id='word_1_202' title='bbox 509 3061 574 3133; x_wconf 75' lang='lat' dir='ltr'>est,</span> <span class='ocrx_word' id='word_1_203' title='bbox 615 3076 672 3117; x_wconf 88' lang='lat' dir='ltr'>eur</span> <span class='ocrx_word' id='word_1_204' title='bbox 702 3075 762 3139; x_wconf 93' lang='lat' dir='ltr'>per</span> <span class='ocrx_word' id='word_1_205' title='bbox 793 3059 966 3136; x_wconf 89' lang='lat' dir='ltr'>sequentes</span> <span class='ocrx_word' id='word_1_206' title='bbox 994 3057 1220 3137; x_wconf 86' lang='lat' dir='ltr'>paragraphos</span> <span class='ocrx_word' id='word_1_207' title='bbox 1250 3057 1460 3120; x_wconf 90' lang='lat' dir='ltr'>intentionem</span> 
     </span>
     <span class='ocr_line' id='line_1_26' title="bbox 268 3156 1462 3243; baseline 0 -20"><span class='ocrx_word' id='word_1_208' title='bbox 268 3161 447 3224; x_wconf 92' lang='lat' dir='ltr'>animorum</span> <span class='ocrx_word' id='word_1_209' title='bbox 473 3158 671 3223; x_wconf 88' lang='lat' dir='ltr'>audientium</span> <span class='ocrx_word' id='word_1_210' title='bbox 703 3158 839 3221; x_wconf 91' lang='lat' dir='ltr'>divisam</span> <span class='ocrx_word' id='word_1_211' title='bbox 869 3156 969 3222; x_wconf 83' lang='lat' dir='ltr'>luisse</span> <span class='ocrx_word' id='word_1_212' title='bbox 990 3164 1152 3241; x_wconf 89' lang='lat' dir='ltr'>putemus.</span> <span class='ocrx_word' id='word_1_213' title='bbox 1198 3158 1262 3223; x_wconf 84' lang='lat' dir='ltr'>Sed</span> <span class='ocrx_word' id='word_1_214' title='bbox 1285 3158 1349 3223; x_wconf 91' lang='lat' dir='ltr'>illis</span> <span class='ocrx_word' id='word_1_215' title='bbox 1370 3160 1462 3243; x_wconf 82' lang='lat' dir='ltr'>ipsis,</span> 
     </span>
     <span class='ocr_line' id='line_1_27' title="bbox 267 3261 1461 3348; baseline -0.001 -20"><span class='ocrx_word' id='word_1_216' title='bbox 267 3266 391 3348; x_wconf 88' lang='lat' dir='ltr'>opinor,</span> <span class='ocrx_word' id='word_1_217' title='bbox 433 3265 573 3327; x_wconf 85' lang='lat' dir='ltr'>oratoris</span> <span class='ocrx_word' id='word_1_218' title='bbox 602 3262 709 3327; x_wconf 82' lang='lat' dir='ltr'>verbis</span> <span class='ocrx_word' id='word_1_219' title='bbox 741 3261 840 3325; x_wconf 89' lang='lat' dir='ltr'>animi</span> <span class='ocrx_word' id='word_1_220' title='bbox 869 3262 1011 3325; x_wconf 90' lang='lat' dir='ltr'>omnium</span> <span class='ocrx_word' id='word_1_221' title='bbox 1049 3262 1092 3326; x_wconf 89' lang='lat' dir='ltr'>ad</span> <span class='ocrx_word' id='word_1_222' title='bbox 1124 3262 1204 3326; x_wconf 92' lang='lat' dir='ltr'>iuris</span> <span class='ocrx_word' id='word_1_223' title='bbox 1237 3263 1461 3345; x_wconf 88' lang='lat' dir='ltr'>quaestionem</span> 
     </span>
     <span class='ocr_line' id='line_1_28' title="bbox 268 3364 1461 3449; baseline -0.001 -16"><span class='ocrx_word' id='word_1_224' title='bbox 268 3369 415 3433; x_wconf 89' lang='lat' dir='ltr'>conversi</span> <span class='ocrx_word' id='word_1_225' title='bbox 448 3372 558 3441; x_wconf 82' lang='lat' dir='ltr'>erant,</span> <span class='ocrx_word' id='word_1_226' title='bbox 589 3366 688 3448; x_wconf 90' lang='lat' dir='ltr'>idque</span> <span class='ocrx_word' id='word_1_227' title='bbox 709 3386 747 3429; x_wconf 91' lang='lat' dir='ltr'>eo</span> <span class='ocrx_word' id='word_1_228' title='bbox 772 3365 893 3446; x_wconf 83' lang='lat' dir='ltr'>magle,</span> <span class='ocrx_word' id='word_1_229' title='bbox 926 3364 1013 3448; x_wconf 91' lang='lat' dir='ltr'>quod</span> <span class='ocrx_word' id='word_1_230' title='bbox 1036 3365 1213 3430; x_wconf 82' lang='lat' dir='ltr'>Aeschines</span> <span class='ocrx_word' id='word_1_231' title='bbox 1240 3367 1338 3431; x_wconf 88' lang='lat' dir='ltr'>etiam</span> <span class='ocrx_word' id='word_1_232' title='bbox 1361 3374 1461 3449; x_wconf 87' lang='lat' dir='ltr'>atque</span> 
     </span>
     <span class='ocr_line' id='line_1_29' title="bbox 269 3468 1461 3556; baseline 0 -21"><span class='ocrx_word' id='word_1_233' title='bbox 269 3472 366 3535; x_wconf 88' lang='lat' dir='ltr'>ctiam</span> <span class='ocrx_word' id='word_1_234' title='bbox 389 3470 427 3538; x_wconf 86' lang='grc' dir='ltr'>τὸ</span> <span class='ocrx_word' id='word_1_235' title='bbox 456 3471 653 3556; x_wconf 71' lang='grc' dir='ltr'><em>παράνομον</em></span> <span class='ocrx_word' id='word_1_236' title='bbox 682 3468 931 3552; x_wconf 87' lang='lat' dir='ltr'>praedicaverat</span> <span class='ocrx_word' id='word_1_237' title='bbox 964 3475 997 3533; x_wconf 89' lang='lat' dir='ltr'>et</span> <span class='ocrx_word' id='word_1_238' title='bbox 1024 3469 1229 3534; x_wconf 87' lang='lat' dir='ltr'>adversarios</span> <span class='ocrx_word' id='word_1_239' title='bbox 1258 3472 1461 3553; x_wconf 77' lang='lat' dir='ltr'>rogationem</span> 
     </span>
     <span class='ocr_line' id='line_1_30' title="bbox 267 3572 1461 3657; baseline -0.002 -18"><span class='ocrx_word' id='word_1_240' title='bbox 267 3577 370 3657; x_wconf 90' lang='lat' dir='ltr'>ipsam</span> <span class='ocrx_word' id='word_1_241' title='bbox 396 3580 510 3639; x_wconf 88' lang='lat' dir='ltr'>contra</span> <span class='ocrx_word' id='word_1_242' title='bbox 532 3574 621 3655; x_wconf 88' lang='lat' dir='ltr'>leges</span> <span class='ocrx_word' id='word_1_243' title='bbox 645 3573 743 3635; x_wconf 89' lang='lat' dir='ltr'>latam</span> <span class='ocrx_word' id='word_1_244' title='bbox 765 3572 916 3636; x_wconf 89' lang='lat' dir='ltr'>celeriter</span> <span class='ocrx_word' id='word_1_245' title='bbox 938 3573 1159 3655; x_wconf 79' lang='lat' dir='ltr'>perstringere</span> <span class='ocrx_word' id='word_1_246' title='bbox 1190 3580 1365 3638; x_wconf 88' lang='lat' dir='ltr'>conaturos</span> <span class='ocrx_word' id='word_1_247' title='bbox 1390 3594 1461 3639; x_wconf 90' lang='lat' dir='ltr'>esse</span> 
     </span>
     <span class='ocr_line' id='line_1_31' title="bbox 267 3676 1459 3763; baseline -0.002 -20"><span class='ocrx_word' id='word_1_248' title='bbox 267 3679 484 3763; x_wconf 88' lang='lat' dir='ltr'>praedixerat.</span> <span class='ocrx_word' id='word_1_249' title='bbox 540 3676 719 3743; x_wconf 89' lang='lat' dir='ltr'>Identidem</span> <span class='ocrx_word' id='word_1_250' title='bbox 755 3676 839 3739; x_wconf 91' lang='lat' dir='ltr'>enim</span> <span class='ocrx_word' id='word_1_251' title='bbox 885 3681 918 3739; x_wconf 90' lang='lat' dir='ltr'>et</span> <span class='ocrx_word' id='word_1_252' title='bbox 950 3676 1173 3741; x_wconf 86' lang='lat' dir='ltr'>affirmaverat</span> <span class='ocrx_word' id='word_1_253' title='bbox 1209 3677 1459 3742; x_wconf 87' lang='lat' dir='ltr'>Demosthenem</span> 
     </span>
     <span class='ocr_line' id='line_1_32' title="bbox 267 3776 1459 3867; baseline -0.002 -20"><span class='ocrx_word' id='word_1_254' title='bbox 267 3784 352 3847; x_wconf 84' lang='lat' dir='ltr'>cives</span> <span class='ocrx_word' id='word_1_255' title='bbox 384 3780 600 3867; x_wconf 79' lang='grc' dir='ltr'><em>ἐξαπατήσειν</em></span> <span class='ocrx_word' id='word_1_256' title='bbox 638 3800 697 3843; x_wconf 89' lang='lat' dir='ltr'>neo</span> <span class='ocrx_word' id='word_1_257' title='bbox 730 3778 810 3843; x_wconf 93' lang='lat' dir='ltr'>nihil</span> <span class='ocrx_word' id='word_1_258' title='bbox 840 3776 1103 3862; x_wconf 59' lang='lat' dir='ltr'>&amp;crudedeliter</span> <span class='ocrx_word' id='word_1_259' title='bbox 1136 3786 1170 3845; x_wconf 87' lang='lat' dir='ltr'>et</span> <span class='ocrx_word' id='word_1_260' title='bbox 1200 3780 1459 3846; x_wconf 83' lang='lat' dir='ltr'>adversariorum</span> 
     </span>
     <span class='ocr_line' id='line_1_33' title="bbox 268 3875 1460 3971; baseline 0.002 -22"><span class='ocrx_word' id='word_1_261' title='bbox 268 3885 509 3950; x_wconf 86' lang='lat' dir='ltr'>fraudulentam</span> <span class='ocrx_word' id='word_1_262' title='bbox 527 3885 687 3949; x_wconf 87' lang='lat' dir='ltr'>actionem</span> <span class='ocrx_word' id='word_1_263' title='bbox 704 3875 952 3963; x_wconf 65' lang='lat' dir='ltr'>monstraverat</span> <span class='ocrx_word' id='word_1_264' title='bbox 976 3883 1016 3951; x_wconf 87' lang='grc' dir='ltr'>τὰ</span> <span class='ocrx_word' id='word_1_265' title='bbox 1038 3884 1155 3970; x_wconf 76' lang='grc' dir='ltr'><em>ψεύδη,</em></span> <span class='ocrx_word' id='word_1_266' title='bbox 1178 3883 1236 3964; x_wconf 81' lang='grc' dir='ltr'>τὰς</span> <span class='ocrx_word' id='word_1_267' title='bbox 1254 3884 1379 3971; x_wconf 82' lang='grc' dir='ltr'><em>τέχνας,</em></span> <span class='ocrx_word' id='word_1_268' title='bbox 1402 3884 1460 3965; x_wconf 77' lang='grc' dir='ltr'>τὰς</span> 
     </span>
     <span class='ocr_line' id='line_1_34' title="bbox 267 3986 1458 4074; baseline -0.004 -17"><span class='ocrx_word' id='word_1_269' title='bbox 267 3988 365 4069; x_wconf 80' lang='grc' dir='ltr'><em>κενὰς</em></span> <span class='ocrx_word' id='word_1_270' title='bbox 387 3987 582 4073; x_wconf 81' lang='grc' dir='ltr'><em>προφάσεις,</em></span> <span class='ocrx_word' id='word_1_271' title='bbox 605 3986 643 4067; x_wconf 77' lang='grc' dir='ltr'>ἃς</span> <span class='ocrx_word' id='word_1_272' title='bbox 666 3996 946 4074; x_wconf 81' lang='grc' dir='ltr'><em>προφασιοῦνται.</em></span> <span class='ocrx_word' id='word_1_273' title='bbox 984 3988 1202 4067; x_wconf 85' lang='lat' dir='ltr'>Quamobrem</span> <span class='ocrx_word' id='word_1_274' title='bbox 1226 3988 1304 4051; x_wconf 91' lang='lat' dir='ltr'>mihi</span> <span class='ocrx_word' id='word_1_275' title='bbox 1329 3988 1458 4071; x_wconf 88' lang='lat' dir='ltr'>quidem</span> 
     </span>
     <span class='ocr_line' id='line_1_35' title="bbox 267 4090 1459 4177; baseline -0.003 -19"><span class='ocrx_word' id='word_1_276' title='bbox 267 4114 458 4177; x_wconf 91' lang='lat' dir='ltr'>persuasum</span> <span class='ocrx_word' id='word_1_277' title='bbox 484 4098 534 4155; x_wconf 91' lang='lat' dir='ltr'>est</span> <span class='ocrx_word' id='word_1_278' title='bbox 554 4090 799 4155; x_wconf 88' lang='lat' dir='ltr'>Demosthenem</span> <span class='ocrx_word' id='word_1_279' title='bbox 823 4091 910 4155; x_wconf 85' lang='lat' dir='ltr'>haud</span> <span class='ocrx_word' id='word_1_280' title='bbox 935 4093 1102 4173; x_wconf 85' lang='lat' dir='ltr'>ignorasse</span> <span class='ocrx_word' id='word_1_281' title='bbox 1120 4112 1190 4154; x_wconf 91' lang='lat' dir='ltr'>cum</span> <span class='ocrx_word' id='word_1_282' title='bbox 1214 4092 1299 4155; x_wconf 87' lang='lat' dir='ltr'>viros</span> <span class='ocrx_word' id='word_1_283' title='bbox 1315 4092 1459 4155; x_wconf 85' lang='lat' dir='ltr'>Graecos</span> 
     </span>
     <span class='ocr_line' id='line_1_36' title="bbox 267 4195 1459 4277; baseline -0.001 -16"><span class='ocrx_word' id='word_1_284' title='bbox 267 4197 307 4261; x_wconf 89' lang='lat' dir='ltr'>ad</span> <span class='ocrx_word' id='word_1_285' title='bbox 339 4196 533 4261; x_wconf 88' lang='lat' dir='ltr'>audiendam</span> <span class='ocrx_word' id='word_1_286' title='bbox 565 4216 761 4259; x_wconf 87' lang='lat' dir='ltr'>summorum</span> <span class='ocrx_word' id='word_1_287' title='bbox 800 4201 967 4260; x_wconf 90' lang='lat' dir='ltr'>oratorum</span> <span class='ocrx_word' id='word_1_288' title='bbox 999 4195 1237 4261; x_wconf 88' lang='lat' dir='ltr'>contentionem</span> <span class='ocrx_word' id='word_1_289' title='bbox 1270 4215 1459 4277; x_wconf 86' lang='lat' dir='ltr'>congressos</span> 
     </span>
    </p>
   </div>
   <div class='ocr_carea' id='block_1_3' title="bbox 0 0 1626 5259">
    <p class='ocr_par' dir='ltr' id='par_1_3' title="bbox 0 0 1626 5259">
     <span class='ocr_line' id='line_1_37' title="bbox 0 0 1626 5259; baseline 0 2"><span class='ocrx_word' id='word_1_290' title='bbox 0 0 1626 5259; x_wconf 95' lang='lat' dir='ltr'> </span> 
     </span>
    </p>
   </div>
  </div>
 </body>
</html>
