3242 5259
796 586 1011 663 ·..50...

292 754 358 835 ·tel
384 776 424 835 ex'
449 790 487 834 ec
508 754 762 834 concludendum
781 775 839 848 est,
863 768 950 854 quod
965 770 1018 833 rix
1033 768 1233 852 intellegitur·
1247 767 1497 833 Demosthenem

310 874 490 939 orationem
510 892 659 956 maguam
675 879 802 957 partem
819 894 859 937 ex
875 880 1021 957 tempore
1037 872 1155 937 factam
1173 874 1242 937 sine
1258 873 1497 937 commentariis

310 976 431 1042 diutius
462 976 618 1040 merrmria
648 976 812 1041 custodire
846 981 904 1041 aut
933 977 1074 1058 omnium
1105 975 1278 1041 verborum
1307 975 1497 1041 memoriam

308 1086 424 1165 postea
460 1086 526 1144 tam
558 1082 711 1143 accurate
743 1100 900 1144 renovare
928 1080 1082 1165 putuisse.
1129 1082 1235 1162 Atque
1266 1080 1330 1144 huo
1361 1078 1496 1157 accedit,

308 1183 395 1268 quod
427 1182 577 1247 defensor
607 1180 769 1247 nonnullis
794 1182 940 1247 edendae
963 1184 1120 1247 orationis
1142 1182 1223 1247 loeis
1247 1182 1368 1248 eisdem
1389 1180 1497 1245 verbis

308 1308 401 1365 usus,
432 1284 541 1369 qualia
569 1266 774 1351 adversarius
804 1285 1018 1365 adhibuerat,
1047 1287 1106 1352 tali
1134 1284 1232 1351 modo·
1261 1286 1405 1351 scrihere
1433 1307 1498 1349 nou

308 1390 424 1474 potnit,
453 1389 516 1454 nisi
546 1388 777 1474 respondentes
810 1390 1028 1455 accusationis
1056 1390 1145 1455 locos
1175 1391 1208 1454 in
1241 1389 1363 1454 iudicio
1385 1396 1495 1458 enotu-

308 1498 408 1559 verst.
452 1492 534 1558 Nam
570 1512 674 1577 paene
708 1493 749 1557 ad
782 1492 915 1559 verbum
945 1494 1031 1559 inter
1061 1515 1096 1558 se
1129 1498 1311 1577 congruunt
1342 1493 1498 1564 orationis

307 1596 578 1662 Demosthenioae
598 1598 616 1683 S
640 1603 675 1663 51
703 1600 736 1663 et
757 1597 958 1663 Aeschineae
981 1598 998 1683 §
1022 1601 1072 1677 66,
1107 1598 1195 1663 Deru.
1218 1598 1236 1683 ᾗ
1256 1600 1296 1663 82
1317 1627 1360 1651 ==
1383 1596 1497 1662 heseh.

307 1702 426 1785 gals,
455 1700 545 1765 Dem.
578 1702 681 1785 §127
712 1724 755 1755 -’-’-·
778 1700 892 1767 Aesoh.
925 1703 1043 1787 5260,
1074 1702 1163 1765 Dem.
1192 1703 1294 1787 §297
1316 1730 1360 1755 ε
1384 1699 1497 1767 Aeseh.

307 1806 419 1889 §aee
463 1792 593 1876 Nonne
613 1804 712 1887 igitur
748 1805 953 1871 manifestum
991 1811 1041 1870 est
1079 1804 1328 1870 Demosthenem
1364 1810 1401 1869 ut
1438 1803 1498 1868 hos

309 1914 499 1991 ceterosque
520 1907 618 1988 locos,
642 1929 723 1992 quos
738 1910 859 1974 actoris
876 1908 984 1974 verbis
1000 1914 1207 1993 opposuerat,
1231 1909 1328 1973 etiam
1349 1908 1497 1973 Sirenum

308 2012 584 2096 comparationem
614 2018 671 2076 aut
697 2017 772 2077 ante
795 2012 883 2077 litem
905 2013 938 2077 in
964 2012 1230 2077 commentarium
1253 2017 1328 2090 ant,
1357 2011 1389 2076 id
1412 2010 1499 2093 quod

308 2113 513 2199 verisimilius
537 2121 595 2194 est,
617 2116 651 2179 in
673 2115 745 2199 ipsa
768 2136 869 2181 eausa
883 2117 915 2179 in
939 2115 1121 2181 chartulam
1147 2114 1320 2193 rettulisse,
1345 2115 1378 2179 iu
1397 2114 1498 2180 Ctesi·

308 2220 450 2303 phontea
467 2218 582 2283 hahita
602 2216 761 2298 attulisse,
784 2220 816 2284 in
834 2219 959 2284 edenda
975 2220 1122 2285 oratione
1138 2218 1225 2283 toras
1242 2218 1420 2284 extulisse?
1452 2221 1499 2282 Ac

308 2343 413 2387 nonne
436 2323 597 2387 sententis
621 2320 798 2401 Sohaeferi,
824 2322 949 2401 Blassii,
970 2323 1097 2387 Reiehii
1119 2343 1252 2407 prorsus
1268 2322 1433 2388 reicienda
1449 2328 1499 2385 est

308 2446 379 2490 eum
406 2424 456 2491 his
480 2425 520 2490 de
543 2426 650 2491 causis
666 2431 735 2490 tum
751 2433 935 2510 propterea,
959 2424 1046 2509 quod
1062 2425 1150 2491 nullo
1167 2425 1231 2491 alio
1247 2425 1497 2510 Ctesiphonteae

307 2529 378 2594 loco
414 2529 556 2594 stabiliri
590 2530 721 2614 potest?
767 2528 845 2595 Mihi
885 2529 1015 2614 quidem
1048 2528 1110 2594 uiri
1137 2529 1185 2593 illi
1216 2529 1394 2595 doctissimi
1425 2528 1499 2592 ideo

306 2638 433 2698 tantum
456 2635 502 2697 ita
524 2632 686 2698 iudicasse
710 2632 870 2713 videntur,
893 2656 933 2698 ne
958 2633 1208 2699 Demosthenem
1229 2634 1327 2697 etiam
1349 2632 1498 2698 Sirenum

307 2738 582 2821 comparationem
615 2738 648 2801 in
676 2742 800 2802 textum
826 2739 987 2822 recepisse
1010 2738 1233 2804 concederent.
1278 2736 1390 2820 Neque
1413 2737 1498 2800 enim

307 2840 439 2905 dubium
472 2846 536 2920 est,
568 2842 645 2924 quin
674 2841 707 2905 in
737 2840 799 2905 hac
822 2842 1009 2907 coniectura
1032 2841 1239 2908 statuendum
1264 2841 1307 2906 sit
1331 2860 1499 2923 compara·

306 2944 426 3009 tionem
457 2944 716 3009 aDemosthene
748 2944 868 3009 editam
900 2945 942 3011 ab
968 2946 1104 3011 alterius
1132 2966 1229 3010 manu
1259 2943 1394 3009 eiectam
1418 2964 1498 3020 esse,

308 3048 437 3130 qualem
466 3048 659 3113 sententiam
692 3047 739 3111 illi
768 3050 829 3112 viri
860 3049 1011 3115 nimirum
1046 3048 1289 3114 exhorrescunt.
1335 3048 1498 3124 Attamen,

307 3151 414 3230 credo,
444 3151 602 3235 quaestio,
636 3171 732 3234 quem
763 3152 972 3233 instituimus,
1005 3154 1058 3217 vix
1088 3152 1130 3217 ad
1161 3151 1259 3216 alium
1290 3150 1412 3214 exitum
1441 3149 1498 3213 ad·

307 3255 453 3333 ducetur,
478 3256 640 3338 quoniam,
664 3260 700 3319 ut
715 3254 864 3336 vidimus,
879 3256 1102 3340 indiligentiae
1117 3255 1214 3334 illius,
1237 3276 1321 3338 quae
1337 3254 1499 3320 defensori

307 3358 434 3424 crimini
458 3358 566 3440 datur,
587 3357 710 3424 nullum
733 3360 906 3442 vestigium
929 3361 1101 3444 reperitur.

393 3465 436 3528 At
466 3461 593 3527 etiamsi
625 3463 737 3545 negari
770 3484 835 3527 non
857 3469 966 3548 potest
988 3463 1239 3528 Demosthenem
1261 3481 1372 3526 omnes
1391 3461 1499 3526 crimi-

308 3566 456 3631 nationes
489 3564 530 3631 ab
563 3564 751 3629 adversario
781 3566 869 3650 apud
896 3565 1054 3632 heliastas
1083 3566 1229 3651 prolatas
1252 3586 1316 3629 non
1340 3564 1442 3629 solum
1466 3566 1499 3628 in

308 3668 431 3749 habita,
456 3668 513 3733 sed
536 3669 635 3733 etiam
658 3668 690 3733 in
715 3668 839 3753 scripta
862 3671 1009 3735 oratione
1032 3670 1222 3754 reppulisse,
1252 3667 1295 3733 ad
1318 3674 1497 3735 extremum

308 3772 531 3855 quaerendum
555 3777 614 3847 est,
645 3794 721 3837 num
752 3772 866 3838 eadem
898 3772 1068 3856 diligentia
1099 3772 1198 3838 fuerit
1222 3772 1255 3836 in
1279 3792 1500 3857 praeoccupa-

307 3876 450 3942 tionibus
467 3875 634 3941 Aeschinis
655 3875 899 3961 respondendis,
921 3877 1114 3960 praesertim
1137 3896 1221 3960 quae
1239 3876 1280 3941 ad
1295 3877 1498 3960 propositum

308 3987 454 4045 nostrum
478 3980 547 4044 sine
568 3961 671 4044 'dubio
694 3978 797 4061 magis
820 3980 1006 4063 pertineant
1028 4000 1126 4063 quam
1150 3984 1260 4044 cetera
1282 3980 1500 4045 accusationis

309 4088 510 4167 argumenta.
555 4083 736 4147 Exstantne
766 4083 868 4165 igitur
898 4084 984 4148 inter
1004 4082 1205 4148 Aeschineae
1230 4083 1386 4147 orationis
1411 4082 1500 4147 locos

210 4192 214 4197 “
307 4186 497 4271 plerumque
515 4185 629 4250 ductos
649 4186 791 4250 averhis
805 4188 1041 4273 ‚avveavopa
1056 4186 1186 4273 μέλλειν
1200 4193 1289 4255 κτλ.“
1301 4186 1411 4272 plures
1423 4185 1500 4250 suh-

308 4291 473 4369 iectiones,
490 4309 574 4372 quae
587 4287 680 4353 finita
692 4289 820 4355 demum
835 4310 935 4355 causa
944 4289 1193 4374 Ctesiphonteae
1208 4291 1350 4356 insertae
1365 4290 1501 4374 perinde

308 4415 346 4458 ae
371 4394 518 4459 Sirenum
551 4394 753 4475 comparatio
779 4393 998 4457 excitantibus
1021 4394 1201 4458 defensoris
1223 4393 1331 4458 verbis
1357 4398 1501 4470 careant,

309 4499 355 4563 ita
378 4503 414 4561 nt
435 4496 557 4560 indicia
578 4496 724 4559 incuriae
741 4496 909 4561 cniusdam
926 4496 1154 4561 Demosthenis
1176 4498 1335 4581 praehere
1351 4497 1501 4580 possint?
