3242 5259
621 575 838 638 ...27-

136 742 200 839 und
227 741 388 811 entweder
412 741 482 806 dem
507 742 736 813 Gesetze‘eine
760 743 883 809 seleche
901 744 1055 826 Deutung
1077 740 1224 827 gegeben
1246 742 1325 809 oder

136 845 199 921 den
221 837 285 909 von'
305 846 343 925 D,
366 845 581 929 angeliihrten
601 845 721 911 Passus
745 847 914 913 desselben
937 844 1186 930 unterschlsgen
1209 846 1324 913 habe“.

137 949 289 1014 Potuitne
310 970 386 1013 vero
402 948 636 1032 Demosthenes
650 956 751 1015 ,retus
767 950 959 1017 Aeschinem
975 950 1079 1034 legem
1097 950 1324 1035 Dionysiacam

132 1052 218 1121 ¹falso
258 1053 509 1137 interpretatum
546 1074 617 1119 esse
650 1059 707 1120 aut
733 1054 955 1138 exceptionem
982 1054 1065 1138 legis
1093 1037 1262 1122 reticuisse
1291 1056 1325 1119 in

135 1155 243 1221 verbis
275 1156 405 1221 traditis
440 1157 671 1239 acquiescere?
716 1156 830 1223 Nonne
862 1179 962 1242 supra
983 1158 1192 1241 cognovimus
1213 1156 1325 1225 defen-

136 1282 251 1340 sorem,
266 1262 294 1325 si
307 1260 494 1338 adversario
509 1260 591 1325 talis
604 1244 733 1327 obicere
746 1260 909 1341 noluisset,
924 1261 1054 1346 planius
1065 1260 1324 1347 explicatiusque

127 1364 298 1443 ,dicturum
331 1370 363 1447 et
391 1363 533 1430 iudicum
558 1365 746 1449 civiumque
762 1365 888 1434 animos
909 1365 952 1431 ad
974 1364 1153 1434 adversarii
1175 1363 1325 1439 fraudem

126 1468 233 1553 ,claris
263 1468 370 1533 verbis
401 1468 613 1545 adversarum
641 1468 762 1543 luisse?
807 1469 882 1537 Mea
909 1470 1039 1554 quidem
1062 1468 1223 1539 sententis
1244 1468 1325 1533 nihil

136 1568 305 1655 habemus,
328 1594 386 1655 our
407 1578 543 1657 propter
563 1572 802 1652 haecobsoure
818 1572 1045 1640 Demosthenis
1064 1570 1166 1638 verba
1180 1577 1324 1639 actorem

25 1758 27 1766 y
129 1677 233 1759 leges
253 1681 395 1742 mutasse
418 1682 476 1744 aut
496 1676 666 1760 vmutilasse
695 1683 864 1762 putemus,
892 1677 1084 1763 praesertim
1110 1697 1183 1743 curn
1206 1696 1247 1742 ne
1269 1698 1324 1743 ex-

129 1781 280 1865 cogitare
294 1780 423 1863 quidem
436 1781 607 1864 possimus,
625 1770 886 1864 quiddeschines
898 1780 1086 1855 inoratione
1098 1781 1326 1865 suppresserit.

134 1884 225 1967 ,Nam
244 1884 467 1968 exceptionem
496 1883 601 1965 illam,
632 1906 729 1968 quem
751 1885 986 1953 Demosthenes
1016 1889 1084 1951 tam
1105 1905 1224 1968 magna
1247 1906 1326 1951 voce

127 1979 319 2073 'praedicat
341 1988 548 2055 adversarius
571 1989 760 2072 neutiquam
778 1990 915 2071 omittit,
931 1988 987 2055 sed
1006 1986 1113 2057 tribus
1127 1986 1207 2057 locis
1223 1987 1329 2069 affert,

133 2093 167 2157 in
185 2091 415 2176 paragraphis
439 2097 472 2174 et
496 2097 535 2157 36
560 2098 592 2157 et
616 2098 656 2159 47
681 2098 715 2163 et
735 2099 785 2160 48.
831 2093 955 2173 Quibus
983 2091 1064 2159 locis
1086 2091 1268 2161 Aeschines
1286 2092 1327 2159 de

134 2196 214 2279 legis
246 2195 459 2281 Dionysiacee
474 2197 696 2281 exceptione.
718 2196 851 2274 uberius
878 2196 1036 2281 ,disputat
1065 2201 1165 2279 atque
1194 2197 1328 2281 exponit

130 2300 272 2381 eandem.
293 2299 334 2364 de
357 2300 485 2365 coronis
516 2321 536 2365 a
566 2302 686 2384 populo
710 2300 852 2367 decretis
883 2321 946 2365 non
973 2299 1225 2383 intellegendam
1245 2319 1327 2367 esse.

134 2392 265 2484 Minime
290 2404 405 2495 igitur
418 2478 420 2483 ,
435 2403 512 2469 vin's
547 2403 612 2469 illis
643 2403 748 2471 doctis
777 2403 928 2479 assentiri
957 2425 1110 2489 possum,
1144 2405 1200 2487 qui
1227 2403 1327 2471 veluti

134 2508 302 2589 Disaenius
312 2500 346 2591 1),
364 2505 661 2593 Daerwinlreliusl),
675 2506 939 2591 Guttmsnnusi),
951 2506 1140 2590 Reichius4)
1154 2507 1326 2573 verborum

134 2610 271 2678 illorum,
292 2609 417 2698 νόμους
448 2620 648 2698 μεταποιῶν,
678 2620 747 2680 τῶν
776 2608 995 2698 dimicensem
1020 2612 1114 2698 μέρη,
1142 2607 1213 2691 οὓς,
1228 2608 1327 2691 ὅλους
1408 2685 1411 2689 ,

135 2720 266 2801 discaco
286 2706 327 2803 ἦν
348 2711 659 2801 ἀναγιγνώσκεσθαι
678 2716 789 2800 priora
810 2716 853 2781 ad
879 2714 1088 2781 vetustiorem
1106 2714 1210 2798 legem
1225 2715 1326 2799 perti-

135 2808 230 2897 nere,
257 2819 441 2904 posteriora
472 2825 581 2885 autem
611 2824 746 2903 propter
767 2820 994 2905 Dionysiacam
1018 2819 1125 2901 legem
1146 2817 1233 2884 dicte
1255 2839 1325 2883 esse

135 2924 351 3007 suspicentur.
388 2922 470 2987 Nam
489 2922 650 3005 quomodo
666 2922 901 2998 Demosthenes
916 2922 1069 2989 Aeschini
1087 2943 1160 2991 eum
1182 2921 1324 3005 priorem

129 3028 238 3110 legem
251 3026 455 3110 depravasse,
465 3025 691 3110 Dionysisoam
705 3032 812 3105 eutem
828 3026 1017 3094 decuriasse
1029 3026 1157 3092 obicere
1172 3026 1325 3109 potuerit,

135 3131 264 3195 minime
287 3130 495 3215 perspicuum
517 3134 583 3197 est:
608 3129 758 3205 defensor
777 3151 841 3195 non
862 3129 965 3198 solum
981 3150 1022 3195 ne
1036 3128 1178 3213 probare
1194 3128 1324 3213 quidem

130 3240 243 3319 potest
266 3255 332 3317 ea,¹
352 3254 436 3318 quae
459 3232 647 3315 edversario
671 3233 797 3299 crimini
820 3232 894 3311 dat,
927 3233 984 3298 sed
1015 3239 1109 3299 actor
1131 3234 1229 3301 etiem
1251 3254 1325 3299 cum

135 3334 307 3422 utramque
329 3338 432 3421 legem
456 3336 543 3421 apud
565 3336 722 3417 helinstas
744 3337 863 3403 recitat
872 3336 900 3419 5)
930 3341 963 3402 et
984 3342 1168 3421 pertractat
1193 3341 1262 3401 tum
1284 3336 1325 3401 de

136 3441 284 3507 clausula
307 3441 363 3506 ills
385 3433 495 3510 multis
516 3439 624 3507 verbis
647 3439 801 3524 loquitur.
841 3444 883 3505 At
903 3440 1108 3525 Disseniusss)
1131 3440 1323 3506 Aeschinem

134 3546 356 3631 exceptionem
372 3545 454 3632 legis
470 3544 687 3629 Dionysisose
699 3545 732 3609 in
747 3543 867 3623 iudicio
885 3544 1037 3609 omissam
1059 3549 1175 3628 postea
1195 3543 1324 3609 demum

134 3650 347 3733 adscripsisse
357 3647 652 3733 huiusquelraudis
661 3648 914 3715 Demosthenem
929 3647 1325 3721 adversariumincusasse

134 3754 297 3840 opinatur.
342 3752 472 3835 Optimo
489 3757 613 3835 autem
643 3752 713 3817 iure
741 3773 801 3817 nos
824 3773 953 3835 quoque
984 3758 1128 3817 actorem
1151 3750 1324 3833 obiurgare

134 3878 230 3942 posse
254 3856 406 3934 affirmat,
424 3835 504 3919 ¹oum
522 3856 619 3919 etiam
644 3876 730 3921 nunc
752 3856 936 3933 omittatur-
945 3855 1069 3939 aliquid
1092 3855 1133 3920 ab
1157 3853 1325 3934 Aeschine,

267 4148 546 4218 hcpfflmffi

267 4234 453 4304 chffl

268 4320 304 4375 D.
323 4320 369 4375 Fr.
388 4322 413 4376 d.
432 4340 490 4393 sog.
509 4341 557 4377 zw.
576 4321 647 4377 Red.
667 4324 692 4375 d.
710 4322 745 4377 R.
763 4340 789 4377 v.
808 4321 859 4377 Kr.
878 4340 905 4391 p.
917 4322 960 4375 26.
