3242 5259
612 565 827 627 ..55-

125 735 298 820 Corcyram
331 733 489 799 coloniam
526 734 698 813 miserant,
740 732 801 803 τὸν
829 738 1028 804 Λευκαδίων
1059 734 1183 822 ἰσθμόν
1218 735 1338 801 inter-²

126 838 284 904 ciderunt.
331 837 511 903 Verisimile
542 843 650 920 autem
681 844 731 903 est
762 859 801 909 er
830 858 868 903 eo
899 842 1046 922 tempore
1074 838 1255 906 Leucadios
1282 847 1316 906 et

127 946 314 1009 Acarnanes
337 962 400 1007 non
421 941 517 1006 modo
549 942 693 1007 amicitia
712 943 918 1023 coniunctos,
951 941 1009 1007 sed
1032 942 1145 1021 etiam,
1174 942 1208 1007 id
1230 943 1317 1027 quod

125 1046 320 1113 Schaeferus
332 1046 356 1128 1)
391 1050 479 1111 recte
517 1046 726 1126 coniectavit,
768 1068 865 1112 unam
898 1045 945 1111 eis
979 1067 1047 1112 rem
1085 1044 1249 1131 publicam
1284 1057 1317 1113 et

124 1152 314 1217 societatem
343 1149 460 1229 luisse,
491 1150 539 1215 ita
570 1154 607 1215 ut
629 1149 864 1215 Demosthenes
888 1150 922 1215 iu
944 1152 962 1236 ᾗ
984 1154 1045 1215 237
1068 1170 1250 1233 provocans
1272 1150 1336 1233 ad

123 1254 304 1322 Leucadios
321 1252 456 1319 eandem
474 1253 638 1319 civitatem
652 1253 760 1319 animo
772 1253 1010 1338 contempletur
1025 1275 1123 1338 quam
1138 1254 1314 1321 Aeschines

123 1360 156 1426 in
179 1362 215 1446 ἓξ
239 1363 279 1423 97
302 1362 336 1422 et
356 1361 418 1423 256
442 1356 482 1423 de
507 1357 731 1424 Acarnanihus
756 1357 875 1423 dicens.

212 1462 298 1545 Ergo
329 1460 438 1544 agitur
460 1460 499 1526 de
523 1461 630 1527 tribus
661 1465 787 1527 tantum
811 1462 1030 1528 accusationis
1052 1461 1316 1543 subiectionibus,

123 1564 342 1654 paragraphis
372 1570 413 1630 54
437 1585 516 1648 sqq.‚
549 1570 610 1631 216
632 1572 665 1630 et
685 1568 758 1645 219,
789 1568 861 1646 257,
893 1586 975 1649 quas
1004 1564 1205 1635 defensorem
1228 1564 1316 1650 apud

123 1671 281 1738 heliastas
304 1667 465 1734 audivisse
494 1669 575 1735 satis
598 1675 748 1735 constare
775 1668 912 1735 videtur.
959 1670 1139 1754 Responsio
1162 1674 1272 1735 autem
1295 1692 1316 1738 a

72 1773 75 1795 l
126 1773 344 1841 Demosthene
377 1773 408 1837 in
442 1772 563 1838 iudicio
597 1772 727 1839 reddita
755 1794 828 1838 cum
858 1774 892 1838 in
922 1773 1045 1858 scripta
1076 1774 1223 1840 oratione
1252 1796 1316 1841 non

124 1884 240 1957 exstet,
262 1896 368 1941 nonne
390 1876 423 1941 in
447 1882 592 1944 extremo
614 1871 746 1945 tandem
768 1876 890 1945 indicia
909 1876 1070 1960 quaedam
1093 1876 1316 1960 indiligentiae

122 1983 210 2049 illius
235 2002 255 2047 a
278 1979 463 2060 Schaefero,
496 1980 632 2060 Blaesio,
664 1980 797 2047 Reichio
820 1981 947 2065 positae
970 1981 1195 2065 repperimus?
1240 1981 1315 2047 Sine

123 2086 223 2152 dubio
260 2085 308 2150 ita
339 2090 457 2164 esset,·
477 2084 538 2150 nisi
566 2084 650 2151 hanc
679 2105 809 2169 quoque
843 2106 933 2168 spem
962 2084 1121 2168 opinionis
1150 2084 1315 2152 hominum

125 2191 257 2256 illorum
289 2187 540 2253 clarissimorum
577 2188 759 2255 fulciendae
797 2189 901 2273 proici
937 2192 1115 2273 oporteret
1164 2188 1200 2254 ld
1230 2189 1316 2259 enim

125 2297 232 2379 ipsum
256 2312 371 2357 censeo
392 2291 640 2358 Demosthenem
664 2314 775 2359 eorum
797 2292 980 2370 verborum,
1002 2312 1086 2376 quae
1109 2292 1315 2358 adversarius

121 2400 173 2464 his
201 2395 281 2463 locis
311 2416 508 2481 praecavere
536 2395 663 2477 studet,
694 2398 759 2464 iarn
791 2395 879 2481 apud
907 2395 1031 2461 iudices
1056 2417 1097 2461 ne
1120 2395 1316 2464 mentionem

124 2502 255 2587 quidem
284 2499 408 2565 fecisse.
453 2500 546 2565 Hanc
575 2504 684 2565 antem
716 2500 910 2566 sententiam
935 2500 983 2564 ita
1004 2498 1170 2583 probabo,
1201 2505 1238 2566 ut
1261 2500 1316 2567 de·

124 2607 284 2672 lensorem
308 2602 456 2670 consulto
483 2603 606 2670 talibus
635 2604 743 2670 verbis
774 2626 869 2670 usum
897 2624 961 2672 non
992 2624 1063 2669 esee
1086 2602 1315 2684 demonstrem,

123 2710 233 2794 qualia
254 2707 429 2774 Aeschines
452 2714 708 2796 exspectaverat.
745 2708 829 2774 Nam
852 2713 890 2773 ut
911 2707 1039 2797 singula
1063 2707 1315 2788 consideremus,

122 2819 216 2881 actor
238 2814 270 2878 in
293 2815 310 2898 ᾗ
328 2816 368 2878 54
384 2832 463 2895 sqq,
487 2813 678 2897 prinsquam
701 2812 880 2879 adversarii
901 2810 1050 2896 publicas
1073 2811 1219 2877 actiones
1241 2834 1316 2896 perv

123 2922 255 2996 tractat,
266 2920 423 3000 quattuor
430 2917 537 3001 spatia
550 2916 729 3000 distinguit,
745 2913 1168 2982 affirmansDemosthenem
1179 2914 1313 2981 eandem

124 3042 234 3088 rerum
256 3019 461 3106 politicarum
486 3020 694 3104 partitionem
718 3020 962 3104 propositurum
986 3022 1020 3083 et
1040 3018 1315 3104 interrogatorum

124 3146 205 3205 esse,
228 3123 270 3188 ad
287 3143 459 3207 quemnam
475 3122 591 3190 horum
606 3133 735 3209 καιρῶν
757 3122 924 3188 accusatio
940 3126 1073 3205 spectet
1110 3125 1151 3185 At
1165 3121 1316 3189 defensor

123 3250 187 3295 non
219 3227 323 3293 solum
346 3232 501 3310 quattuor
524 3249 563 3294 ea
585 3228 694 3313 spatia
718 3227 765 3292 rei
795 3225 947 3311 publicae
969 3246 990 3290 a
1011 3246 1046 3291 se
1070 3224 1315 3291 administratae

122 3354 186 3399 non
202 3331 379 3410 constituit,
395 3330 453 3396 sed
468 3352 508 3395 ne
526 3331 625 3398 verbo
643 3331 773 3415 quidem
789 3329 832 3395 ad
848 3333 1000 3413 quartum
1013 3328 1314 3395 illudAeschineum

123 3442 224 3521 caput
255 3436 305 3520 (ἐξ
339 3437 521 3514 loa-167)
551 3433 741 3519 respondet,
786 3454 851 3517 quo
882 3432 1088 3498 adversarius
1117 3433 1316 3516 gravissimis

123 3537 404 3605 criminationibus
427 3538 595 3603 collocatis
627 3560 679 3603 res
709 3537 785 3603 inde
820 3537 862 3603 ab
893 3557 978 3601 anno
1010 3541 1072 3602 338
1102 3542 1211 3619 gestas
1242 3558 1315 3620 per-

122 3647 289 3710 scrutatus
310 3648 368 3706 est.
414 3643 498 3721 Quid
522 3643 623 3725 ergo?
667 3640 849 3706 Inseruitne
873 3645 973 3718 actor,
1005 3638 1039 3703 id
1065 3639 1152 3723 quod
1174 3640 1315 3705 Wester·

123 3744 298 3829 mannus2)
321 3746 445 3829 primus
470 3744 681 3823 coniectavit,
713 3744 801 3809 locos
834 3742 875 3808 ad
901 3744 1110 3808 novissimum
1133 3743 1166 3809 id
1187 3749 1315 3828 tempus

121 3850 322 3936 pertinentes
342 3849 571 3915 retractandae
589 3848 715 3913 demum
734 3847 898 3912 orationi?
913 3847 1069 3913 Omisitne
1081 3846 1315 3915 Demosthenes

121 3956 155 4020 in
179 3952 305 4018 edenda
327 3955 483 4033 oratione,
514 3974 597 4037 quae
621 3952 661 4017 de
685 3951 893 4017 distinctione
925 3950 982 4015 illa
1004 3956 1187 4034 quartoque
1210 3961 1314 4043 καιρῷ

20 4052 22 4057 ’
122 4056 354 4139 respondisset,
376 4057 423 4121 ita
448 4061 566 4122 utnon
591 4056 659 4120 sine
675 4076 775 4120 causa
792 4076 863 4119 eum
881 4055 1011 4138 saepius
1031 4054 1127 4119 aliter
1146 4056 1314 4139 scripsisse

122 4182 161 4226 ac
189 4159 309 4225 dixisse
338 4160 503 4244 opineris?
556 4159 695 4224 Minime.
746 4157 830 4223 Nam
869 4157 931 4241 ipsi
972 4157 1033 4221 viri
1060 4157 1107 4222 illi
1137 4158 1314 4225 acutissimi

210 4404 235 4469 1)
255 4394 287 4455 L.
308 4419 331 4454 ο.
352 4400 400 4453 11²
418 4419 444 4470 p.
463 4403 522 4454 aaa.
556 4468 561 4477 Ι

207 4490 235 4556 2)
255 4487 368 4556 Quaest.
387 4485 467 4541 Dem.
486 4485 538 4539 III
556 4488 636 4556 pelli
655 4492 684 4541 et
701 4488 742 4539 87.
