3242 5259
796 570 1011 630 ..24-

307 734 414 818 inquit
432 735 600 818 Foxiusl),
624 733 706 813 „alle
730 734 837 800 Mittel
860 736 967 803 seiner
988 736 1095 801 Kunst
1117 736 1283 801 aulbielen
1307 756 1346 801 zu
1369 740 1500 800 mtissen

308 837 450 922 glaubte‚
472 860 526 903 um
542 838 604 903 den
627 838 850 921 gesihrhchen
867 838 975 905 Punkt
996 861 1057 905 von
1081 839 1166 907 allen
1181 840 1293 905 Ssiton
1316 860 1356 905 zu
1371 842 1499 905 scotres

307 941 374 1007 und
396 964 436 1007 zu
458 942 684 1023 verschanzen,
704 942 763 1007 wie
784 942 877 1009 hiitte
893 936 929 1009 er
945 942 1031 1009 daun
1047 943 1121 1011 dem
1136 942 1317 1029 Ktesiphon
1334 948 1499 1027 gestatten

308 1045 454 1126 lilinum,
491 1046 666 1112 denselben
697 1047 781 1113 ohne
816 1046 1023 1131 dergleiohen
1049 1046 1423 1137 ‘Vorsichtsmassregeln
1460 1070 1500 1113 zu

309 1148 494 1215 hehandeln
524 1149 590 1216 und
611 1150 760 1216 dadurch
780 1150 835 1215 die
858 1172 959 1235 ganne
982 1152 1086 1219 Sache
1113 1152 1323 1219 entschieden
1352 1174 1391 1217 zu
1414 1171 1500 1217 oom-

308 1254 569 1338 promittieren!“
615 1253 812 1339 Neutiquam
846 1250 947 1338 igitur
973 1256 1084 1340 putari
1111 1261 1220 1341 potest
1248 1256 1501 1322 Demosthenem

310 1350 512 1443 ctesiphonti
535 1364 756 1443 campartem
780 1358 976 1425 defensionis
999 1360 1179 1442 mandasse,
1206 1381 1290 1445 quae
1313 1360 1501 1425 edversario

310 1461 556 1529 fundamentum
580 1462 682 1529 totius
705 1462 924 1551 accusationis
946 1463 1154 1548 praebuerat.
1193 1465 1368 1531 Praeterea
1391 1469 1500 1533 autem

310 1567 338 1631 si
361 1566 484 1633 socium
507 1588 580 1632 eum
605 1566 668 1632 sibi
691 1565 906 1648 adiunxisset,-
925 1566 966 1632 de
988 1568 1051 1634 hac
1074 1590 1109 1634 re
1132 1570 1165 1633 in
1183 1570 1330 1635 oratione
1352 1590 1412 1653 pro
1428 1568 1501 1635 ote-

311 1670 461 1755 siphonte
484 1670 598 1737 habita
617 1692 682 1736 non
702 1671 868 1751 tacuisset,
892 1671 947 1737 sed
972 1691 1090 1739 causas
1112 1672 1315 1758 explicasset.
1361 1673 1501 1738 Tantum

310 1796 387 1840 vero
415 1774 526 1855 abest,
557 1780 594 1841 ut
623 1775 686 1840 hoc
716 1774 833 1855 faciat,
864 1781 900 1842 ut
930 1776 963 1841 in
981 1778 1026 1862 ’ἐξ
1052 1783 1066 1843 l
1094 1784 1127 1843 ot
1148 1781 1166 1841 2
1188 1798 1373 1862 repugnans
1395 1776 1502 1843 ordini

311 1878 508 1946 defensionis
531 1879 574 1945 ab
587 1879 747 1945 Aeschine
769 1877 936 1964 postulato
958 1881 1039 1947 satis
1062 1880 1262 1947 demonstret
1283 1903 1318 1947 se
1340 1882 1445 1966 ipsum
1461 1881 1502 1947 de

310 1983 390 2048 iuris
414 1983 723 2067 quaestionibus-
749 2005 788 2049 eo
811 1984 963 2050 videlicet
983 1985 1065 2063 looo,
1089 2007 1153 2069 quo
1177 1986 1254 2051 velit
1270 2024 1312 2035 -
1339 1985 1501 2051 dicturum

304 2108 393 2154 esse.
429 2087 514 2153 Deos
530 2088 615 2153 enim
637 2094 800 2173 precatur,
824 2109 863 2153 ne
887 2088 1011 2153 iudices
1034 2088 1266 2170 adversarium,
1291 2111 1357 2174 qua
1375 2089 1502 2155 ratione

313 2190 463 2257 defensor
494 2192 675 2258 audiendus
705 2193 764 2272 sit,
794 2193 828 2257 in
864 2192 1031 2259 consilium
1056 2193 1249 2279 adhibeant,
1280 2193 1337 2260 sed
1359 2193 1446 2276 leges
1470 2199 1504 2259 et

312 2294 548 2376 iusiurandum,
571 2297 604 2360 in
625 2318 690 2381 quo
707 2302 840 2381 praeter
858 2297 924 2362 alia
943 2298 1141 2381 aequissima
1163 2299 1271 2365 omnia
1295 2304 1328 2362 et
1345 2297 1406 2363 hoo
1424 2296 1503 2362 scri·

312 2400 472 2484 plausit,
494 2406 669 2486 utrumque
690 2401 803 2466 eodem
824 2401 931 2467 animo
947 2422 1017 2466 esse
1039 2401 1245 2469 audiendum.
1277 2402 1381 2467 Huius
1393 2406 1502 2467 autem

314 2505 401 2569 vocis
423 2525 486 2569 non
507 2526 578 2569 eam
590 2505 702 2570 solum
727 2506 790 2570 vim
806 2526 886 2585 esse,
907 2526 948 2571 ne
964 2504 1065 2572 ullum
1084 2507 1319 2593 praeiudicium
1337 2504 1503 2585 afferatur,

313 2629 374 2674 neo
395 2608 499 2674 solum
521 2614 558 2673 ut
578 2630 640 2693 par
654 2608 880 2675 benevolentia
895 2608 1070 2689 tribuatur,
1093 2610 1150 2676 sed
1168 2609 1267 2690 illam,
1290 2615 1326 2676 ut
1342 2614 1376 2674 et
1391 2608 1504 2675 ordine

315 2717 348 2777 et
370 2711 572 2793 defensione,
601 2714 691 2798 quali
713 2714 909 2779 certantium
932 2713 1070 2799 quisque
1095 2712 1172 2779 velit
1193 2718 1292 2800 atque
1315 2713 1505 2793 instituerit,

315 2816 363 2882 sio
387 2818 434 2882 uti
457 2816 573 2882 sinant.
619 2820 710 2897 Quae
732 2817 833 2883 verba
855 2839 927 2883 cum
949 2816 1138 2902 intellegere
1161 2838 1226 2884 non
1248 2818 1418 2902 possimus,
1441 2817 1505 2882 nisi

315 2920 566 2987 Demosthenem
595 2922 630 2986 in
660 2922 780 2988 iudicio
809 2921 849 2987 de
878 2920 1005 3005 legibus
1028 2922 1132 3007 egisse
1161 2927 1360 3002 statuamus,
1389 2920 1505 2986 Kirch-

316 3024 407 3091 holfii
417 3027 612 3091 sententiam
624 3024 873 3110 improbabilem
885 3046 955 3091 esse
970 3026 1088 3092 iterum
1097 3025 1506 3110 luculentissimeepparet.

317 3128 552 3199 Demosthenes
582 3130 683 3213 igitur
711 3130 782 3214 ipse
809 3129 850 3195 de
879 3128 1072 3219 παρανόμῳ,
1103 3130 1189 3214 quod
1216 3135 1410 3209 tractamus,
1440 3128 1506 3195 dis-

316 3235 454 3322 putavit,
477 3232 543 3298 alia
568 3240 676 3299 autem
700 3233 799 3299 verba
822 3234 908 3314 fecit,
932 3255 971 3299 ac
993 3255 1077 3318 quae
1099 3239 1239 3300 aetatem
1263 3233 1416 3300 tulerunt.

404 3376 422 3457 ᾗ
446 3381 473 3437 5.
516 3372 673 3446 Omnibus
694 3371 758 3437 illis
782 3372 964 3438 rationibus
985 3372 1177 3457 percensitis
1201 3378 1233 3437 et
1255 3372 1404 3456 expensis
1427 3370 1507 3436 nihil

318 3478 433 3561 opinor
447 3482 506 3556 est,
523 3476 611 3559 quod
622 3476 788 3561 impediat,
805 3476 977 3559 quominus
986 3476 1236 3542 Demosthenem
1249 3475 1336 3560 apud
1349 3475 1507 3543 heliastas

319 3587 352 3645 et
374 3581 414 3645 de
437 3586 508 3645 tota
529 3580 610 3645 iuris
630 3581 820 3664 quaestione
845 3578 938 3645 etde
960 3579 1070 3664 priore
1094 3579 1152 3645 illa
1173 3580 1245 3663 lege
1264 3578 1507 3662 honoribusque

319 3692 504 3749 exterarum
526 3684 692 3749 civitatum
709 3683 830 3749 dixisse
851 3704 912 3768 pro
928 3690 1018 3748 certo
1041 3682 1248 3749 affirmemus.
1286 3686 1392 3767 Atque
1409 3682 1507 3747 etiam

318 3787 587 3853 Baerwinkelium
626 3788 669 3853 ad
709 3787 794 3853 hanc
830 3788 1049 3853 coniecturam
1089 3787 1140 3853 bis
1181 3787 1357 3854 adductum
1396 3786 1508 3853 video:

318 3892 495 3978 primuml)
529 3893 614 3958 enim
653 3893 814 3957 sententia
845 3891 965 3956 Halmii
1002 3892 1124 3957 reiecta
1155 3891 1308 3957 arbitrati
1338 3891 1507 3957 Aeschinis

318 3998 420 4063 verba
435 3996 475 4061 de
492 3996 686 4082 Dionysiaca
701 3998 772 4079 lege
787 4002 903 4080 postea
922 3996 1049 4062 demum
1067 3995 1235 4079 adscripta
1251 4016 1330 4075 esse,
1353 3991 1508 4079 iterum3)

318 4103 352 4166 in
381 4100 579 4165 tractatione
602 4101 781 4165 sententiae
804 4098 1087 4179 Kirchhoffianae‚
1117 4098 1174 4164 ubi
1205 4099 1357 4183 legimus:
1387 4098 1508 4179 „Paulo

407 4325 649 4396 Dhcpffld

406 4412 633 4481 Dhcpffi

405 4498 628 4567 ffifflmpffl
