3242 5259
776 513 991 583 aar*

286 684 529 779 probabilitatis
559 700 638 778 prae
664 702 698 757 s'e
729 680 816 757 ferre
847 690 926 755 mihi
961 689 1090 755 videtur
1119 697 1216 770 q'ualu
1247 675 1438 751 iiirchhoitii
1450 673 1478 770 1”)

289 798 476 863 coniectura
499 798 652 863 arbitrati
676 816 748 861 eum
772 801 942 880 peccatum
964 792 1045 858 illud
1073 792 1142 857 leve
1164 791 1371 869 commisisse,
1399 791 1479 873 quic

286 902 444 967 memoria
471 901 583 987 lapsus
606 905 700 980 esset,
733 899 752 963 i.
777 920 814 977 a,
845 902 1003 988 quantum
1026 895 1176 981 equidem
1207 894 1370 977 intellego,
1400 894 1478 977 quia

287 1018 461 1090 perperam
480 1026 542 1091 pro
558 1010 647 1070 certo
669 1002 840 1069 habuisset
854 1022 890 1067 se
905 1000 1126 1067 adversarium
1144 1000 1243 1065 etiam
1258 998 1299 1063 de
1314 998 1478 1083 Byzantiis

289 1109 429 1193 maligue
449 1108 609 1173 dicentem
629 1106 800 1173 audivisse.
835 1106 939 1171 Aliter
952 1125 1029 1169 vero
1052 1125 1121 1169 rem
1136 1124 1208 1169 sese
1226 1102 1349 1168 habere
1373 1101 1422 1166 vel
1437 1122 1479 1166 ex

288 1230 326 1277 eo
343 1217 491 1297 apparat,
512 1210 599 1297 qnod
617 1217 710 1276 actor
717 1210 891 1295 Byzantios
909 1210 943 1273 in
960 1207 1088 1293 epilogo
1104 1227 1168 1271 non
1184 1210 1479 1283 commemorasset,

288 1316 349 1381 nisi
380 1316 414 1380 in
440 1315 514 1400 ipsa
537 1313 820 1398 argumentatione
843 1312 1004 1397 copiosius
1025 1312 1065 1376 de
1089 1311 1135 1376 eis
1158 1310 1302 1375 dixisset.
1347 1309 1478 1393 Optimo

288 1419 388 1503 igitur
417 1420 488 1485 iure
518 1418 649 1503 plurimi
679 1415 776 1483 hodie
811 1416 872 1481 viri
899 1416 1020 1483 eruditi
1050 1415 1243 1481 sententiam
1274 1411 1479 1496 Sohaeferip

290 1528 480 1604 sequuntur,
504 1521 590 1607 apud
607 1542 703 1605 quem
718 1520 856 1605 legimus
872 1518 1063 1586 Aeschinem
1078 1517 1185 1583 locum
1198 1516 1300 1596 illum,
1324 1517 1366 1582 ad
1381 1538 1479 1599 quem

288 1625 439 1692 defensor
452 1625 658 1711 respondeat,
669 1624 702 1689 in
714 1622 927 1689 retractanda
938 1622 1086 1689 oratione
1096 1621 1243 1688 consulto
1258 1621 1480 1705 suppressisse

221 1726 224 1735 ’
288 1730 443 1809 teritum,
476 1750 517 1795 ne
547 1712 693 1795 convicia
718 1728 752 1793 in
774 1726 946 1813 Byzantios
977 1726 1140 1806 coniecta,
1169 1727 1274 1791 socios
1303 1726 1384 1790 istos
1414 1746 1481 1790 nna

289 1856 361 1899 cum
382 1833 517 1899 Rhodiis
539 1830 581 1899 ab
605 1830 857 1898 Atheniensibus
880 1829 1044 1914 quondam
1068 1829 1238 1907 alienatos,
1268 1828 1395 1895 crimini
1416 1828 1480 1893 sibi

289 1938 446 2003 darentur
469 1935 592 2017 Rhodi,
624 1956 689 2020 qua
715 1938 749 2000 in
777 1934 886 2001 insula
908 1954 1009 1999 causa
1029 1934 1161 2018 perdita
1182 1932 1383 2016 aliquamdiu
1405 1953 1479 1997 eum

291 2045 526 2107 commoratum
553 2060 625 2107 esse
655 2039 734 2106 satis
759 2043 896 2105 constat.
941 2036 1160 2117 Quamobrem
1181 2038 1215 2102 in
1237 2036 1417 2103 defensoris
1439 2036 1481 2101 de

290 2144 454 2230 Byzantiis
469 2142 577 2209 verbis
592 2144 722 2210 minime
743 2141 972 2209 haesitandum
993 2147 1052 2207 est.
1098 2141 1166 2207 Nec
1181 2140 1360 2225 quidquam
1376 2140 1479 2220 video,

290 2247 376 2330 quod
407 2247 582 2332 impediat,
613 2248 785 2331 quominus
808 2245 1011 2329 diligentiam
1033 2244 1261 2312 Demosthenis
1282 2264 1480 2328 magnopere

290 2352 497 2433 admiremur,
513 2350 569 2436 qui
584 2350 780 2435 quadragies
795 2348 883 2434 teri)
899 2349 942 2415 ad
953 2348 1054 2415 verba
1064 2348 1244 2413 adversarii
1254 2349 1302 2413 ita
1313 2353 1479 2432 provocet,

292 2462 329 2521 ut
351 2478 391 2523 ne
413 2454 513 2523 semel
536 2454 665 2539 quidem
687 2475 707 2520 a
729 2454 886 2520 memoria
907 2452 1114 2521 destituatur.

377 2562 420 2627 At
457 2557 654 2625 concesserit
695 2557 857 2643 quispiam
893 2556 1142 2623 Demosthenem
1175 2557 1209 2621 in
1241 2554 1482 2641 perscribendis

292 2662 380 2744 locis,
408 2663 526 2748 quibus
550 2662 592 2728 ad
617 2662 739 2729 actoris
761 2661 863 2727 verba
884 2660 1025 2727 dilucide
1048 2660 1272 2745 respondetur,
1294 2659 1481 2743 diligentem

292 2771 520 2850 attentumque
541 2787 577 2833 se
597 2765 803 2850 praebuisse:
825 2765 858 2832 id
880 2764 977 2832 modo
1000 2764 1124 2847 quaeri,
1145 2784 1223 2829 num
1246 2763 1391 2829 edendae
1407 2785 1482 2829 ora*
1600 2799 1601 2810 ς

291 2871 381 2951 tioni,
412 2871 439 2937 si
470 2889 535 2936 uou
566 2869 687 2954 plures,
718 2875 753 2935 at
782 2871 924 2935 minores
946 2868 1036 2934 locos
1058 2868 1247 2946 inseruerit,
1279 2888 1376 2951 quam
1400 2889 1482 2951 quos

291 2970 379 3058 apud
415 2973 539 3041 iudices
578 2978 761 3039 tractasset.
807 2975 912 3052 Quam
949 2973 1173 3056 quaestionem
1207 2972 1249 3037 ad
1278 2972 1481 3056 propositum

291 3082 438 3143 nostrum
466 3077 577 3161 magui
605 3076 761 3142 momenti
792 3097 863 3141 esse
886 3082 1032 3161 apparet.
1077 3075 1144 3140 Nec
1166 3096 1244 3141 vero
1267 3075 1300 3139 in
1323 3074 1481 3141 eiusmodi

291 3180 449 3246 incuriam
480 3179 665 3265 inquirendi
695 3178 886 3246 facultatem
913 3179 1123 3258 habebimus,
1154 3179 1218 3245 nisi
1238 3179 1481 3263 comparatione

291 3285 377 3350 inter
407 3289 580 3367 utramque
611 3284 792 3350 orationem
820 3284 972 3349 instituta
1000 3282 1109 3348 omnia
1130 3281 1299 3348 Aeschinis
1331 3281 1432 3347 verba
1461 3302 1482 3346 a

293 3386 512 3454 Demosthene
530 3387 679 3471 neglecta
695 3387 981 3473 exploraverimus,
1003 3392 1038 3452 et
1051 3386 1139 3452 iusta
1154 3386 1275 3452 actoris
1290 3390 1482 3469 argumenta

293 3496 327 3555 et
362 3488 580 3558 subiectiones
611 3492 677 3556 sire
708 3496 784 3557 aute
814 3490 904 3557 litem
933 3490 1081 3557 inventas
1111 3489 1178 3554 sire
1208 3495 1323 3573 postea
1352 3487 1480 3555 demum

292 3593 484 3678 adscriptas.

377 3698 493 3782 Itaque
507 3698 649 3783 primum
664 3698 773 3783 agitur
788 3698 829 3763 de
843 3698 933 3777 locis,
955 3718 1093 3782 quorum
1108 3696 1141 3761 in
1156 3696 1281 3763 tradita
1295 3695 1479 3762 defensione

293 3802 413 3866 mentio
450 3822 514 3867 non
543 3802 596 3883 tit,
634 3823 833 3894 quamquam
863 3800 951 3886 apud
980 3800 1137 3866 heliastas
1168 3800 1482 3884 argumentationem

287 3905 475 3970 'adversarii
505 3906 678 3990 neglegere
699 3905 910 3971 Demostheni
934 3906 1002 3969 sine
1025 3904 1125 3970 dubio
1148 3924 1211 3969 uon
1237 3904 1337 3969 licuit.
1383 3903 1481 3969 Verbi

294 4027 394 4074 causa
416 4010 543 4075 mireris
566 4031 638 4075 eum
660 4008 837 4094 superbum
860 4008 932 4092 lege
953 4007 1168 4073 trierarchioa
1190 4030 1211 4084 a
1233 4030 1268 4073 se
1289 4008 1359 4073 lata
1377 4028 1481 4092 neque

293 4186 497 4194 —-——-—-—--.-——-

382 4288 408 4355 l)
426 4285 458 4340 Ιι.
479 4302 502 4340 c.
521 4304 549 4355 p.
567 4288 600 4339 77
620 4285 681 4339 adn.
700 4287 723 4339 1.

381 4375 409 4442 2)
427 4372 461 4427 L.
480 4390 504 4427 o.
523 4371 574 4427 ΙΙΙ
593 4374 609 4425 2
627 4391 654 4442 p.
675 4374 716 4427 77.

382 4463 408 4527 3)
430 4460 470 4514 cf.
491 4458 605 4513 Reich.:
627 4458 662 4513 D.
683 4457 729 4511 Fr.
750 4458 774 4511 d.
795 4476 854 4527 sog.
873 4476 921 4511 zw.
940 4455 1010 4511 Red.
1029 4458 1055 4510 d.
1072 4455 1106 4510 R.
1128 4475 1153 4511 v.
1171 4456 1222 4511 Kr.
1241 4476 1268 4526 p.
1284 4460 1319 4511 22
1337 4476 1395 4526 sqq.
