3242 5259
671 607 884 677 434

179 783 344 867 suspensis
368 784 482 848 animis
506 788 714 868 exspectare,
746 777 825 867 quid
845 785 886 849 de
908 786 989 850 iuris
1011 788 1220 869 quaestione,
1249 788 1282 850 in
1305 794 1369 870 qu'a

177 888 277 951 totius
317 889 534 953 accusationis
572 896 738 971 tamquam
779 888 879 953 oardo
912 889 1111 968 vertebatur,
1148 891 1369 974 responderet,

177 994 245 1053 tum
282 1012 316 1055 se
346 1012 413 1057 rem
444 1012 541 1075 quam
572 992 777 1075 paucissimis
806 991 1028 1059 absolventem
1054 985 1094 1059 de
1118 995 1369 1078 auxilio‘legum

177 1094 281 1177 ipsum
319 1094 494 1179 desperare
530 1097 640 1163 videri.
695 1095 769 1161 Mea
800 1096 901 1179 igitur
932 1100 1094 1162 sententia
1127 1098 1272 1164 dubitari
1306 1116 1370 1163 uon·

176 1204 303 1281 potest,
337 1200 413 1282 quin
446 1200 510 1265 illis
541 1201 580 1265 de
605 1201 712 1266 causis
736 1217 848 1265 orator
869 1200 903 1265 id
926 1207 1041 1284 caput,
1072 1203 1159 1285 qnod
1180 1208 1368 1281 tractamus,-

177 1322 240 1366 non
264 1307 330 1367 tam
355 1303 493 1369 strictim
517 1305 673 1387 attigerit,
696 1304 752 1369 sed
772 1303 870 1388 plura
888 1304 989 1369 rerba
1003 1306 1089 1388 apud
1106 1306 1229 1371 iudices
1245 1306 1369 1388 lecerit,

176 1424 273 1488 quam
299 1427 383 1489 quae
408 1415 550 1473 aetatem
573 1409 726 1473 tulerunt.

264 1509 327 1575 Sed
352 1511 513 1577 Frankius
525 1513 550 1597 ¹)
581 1512 746 1578 levitatem
777 1511 973 1577 defensionis
1002 1513 1067 1578 alio
1097 1514 1193 1578 modo
1225 1520 1369 1578 excusat.

176 1614 265 1679 Dicit
286 1618 386 1683 enim:
409 1616 490 1696 „Die'
509 1616 711 1701 triigerisohe
734 1616 999 1701 Interpretation,
1022 1616 1074 1682 die
1095 1617 1271 1681 Aeschines
1294 1617 1366 1683 dem

177 1719 314 1785 Gesetze
338 1720 411 1803 gab,
434 1742 501 1785 war
524 1741 560 1786 so
581 1720 836 1800 tiberraschend,
864 1721 1098 1787 Demosthenes
1118 1742 1184 1787 war
1206 1742 1243 1786 so
1265 1723 1368 1805 nenig

176 1822 235 1887 anf
255 1823 325 1889 eine
348 1824 457 1889 solche
478 1826 664 1909 Auslegung
686 1824 893 1905 norbereitet,
916 1824 993 1890 dass
1013 1846 1048 1890 er
1067 1826 1171 1891 lieher
1186 1846 1245 1909 gar
1260 1824 1367 1891 nichts

177 1924 297 1992 darauf
324 1950 363 1993 zu
393 1935 572 1995 antworten
604 1935 749 2013 vorzog“.
802 1928 894 1993 Haeo
933 1950 1009 1994 vero
1048 1930 1210 1995 sententia
1239 1927 1317 1993 mihi
1348 1950 1368 1993 a

175 2030 409 2114 probabilitate
442 2055 539 2117 qnam
574 2037 713 2101 maxime
755 2032 932 2099 abhorrere
969 2032 1106 2098 videtur.
1163 2034 1367 2116 Quamquam

175 2135 260 2201 enim
294 2136 467 2203 verisimile
504 2144 554 2204 est
586 2137 837 2204 Demosthenem
874 2138 955 2220 legis
986 2125 1289 2220 interpretationem
1324 2137 1366 2202 ab

176 2239 335 2305 Aeschine
361 2241 524 2326 prolatam
554 2262 617 2308 non
649 2246 866 2327 exspectasse,
903 2248 1012 2306 tamen
1040 2261 1058 2305 e
1082 2246 1152 2305 tota
1180 2239 1367 2305 defensioue

146 2343 322 2435 intellegi
352 2351 461 2429 potest
493 2352 658 2413 oratorem
690 2345 731 2411 ad
765 2343 946 2430 permultas
975 2344 1160 2427 inopinatas
1189 2343 1367 2409 adversarii

175 2447 415 2515 criminationes
437 2450 657 2535 respondisse,
689 2449 731 2515 ad
754 2470 836 2533 quas
864 2447 1060 2514 refellendas
1082 2448 1212 2513 minime
1235 2469 1309 2512 eum
1331 2470 1366 2513 se

173 2568 390 2636 praeparasse
414 2555 494 2621 satis
517 2555 632 2621 elucet.
673 2554 853 2637 Praecipue
877 2559 984 2618 autem
1007 2574 1066 2636 per
1088 2553 1364 2635 comparationem

134 2666 136 2669 ’
173 2656 258 2723 iuter
287 2658 451 2724 orationes
480 2658 554 2724 illas
582 2660 764 2724 institutam
791 2657 989 2742 perspicitur
1010 2658 1044 2720 in
1067 2657 1275 2721 accusatione
1297 2656 1366 2721 fere

174 2759 297 2827 nullum
319 2761 425 2829 locum
449 2764 564 2843 inesse,
589 2763 631 2829 ad
655 2784 750 2847 quem
778 2760 1012 2850 Demosthenes
1036 2782 1099 2826 non
1121 2760 1365 2844 respondeam),

175 2884 214 2929 ac
249 2871 337 2931 recte
372 2867 501 2950 quidem
543 2872 675 2952 praeter
712 2872 839 2932 ceteros
868 2864 1059 2948 Reichius3)
1099 2865 1279 2930 defensoris
1310 2885 1365 2928 ex-

174 2971 387 3053 temporalem
421 2969 608 3036 facultatem
640 2971 766 3054 magnis
794 2968 947 3035 laudibus
976 2967 1101 3033 extulit.
1153 2968 1232 3048 Quis
1264 2968 1365 3051 igitur

175 3079 239 3152 est,
271 3074 349 3158 quin
378 3075 536 3140 concedat
558 3074 807 3140 Demosthenem
838 3073 887 3138 uti
917 3072 997 3137 alibi
1025 3072 1122 3137 etiam
1159 3072 1193 3136 iu
1222 3071 1365 3136 secundo

174 3178 356 3271 παρανόμῳ
387 3178 560 3244 tractando
585 3179 670 3244 hano
701 3177 890 3243 facultatem
921 3182 955 3241 et
975 3177 1010 3240 in
1033 3182 1187 3260 promptu
1210 3174 1365 3240 habuisse

174 3288 207 3345 et
237 3281 442 3362 adhibuisse,
481 3283 673 3367 praesertim
705 3303 777 3347 cum
808 3281 860 3346 his
888 3282 921 3344 in
950 3279 1167 3364 paragraphis
1199 3279 1239 3344 de
1267 3280 1365 3344 rebus

174 3387 276 3452 multo
293 3387 497 3471 gravioribus
513 3393 631 3471 agatur
646 3407 744 3470 quam
761 3385 835 3450 aliis
854 3384 943 3463 locis,
967 3382 1085 3467 quibus
1099 3384 1235 3448 crimina
1250 3382 1363 3448 eodem

173 3492 269 3557 modo
293 3512 333 3557 ex
355 3496 501 3575 tempore
524 3491 566 3556 ab
589 3512 628 3556 eo
652 3490 788 3574 depulsa
812 3510 883 3554 esse
903 3488 1017 3572 negari
1039 3508 1103 3551 non
1125 3488 1256 3570 potest?

260 3598 308 3660 Ac
330 3595 475 3662 Frankio
494 3616 534 3660 ne
556 3595 619 3679 ipsi
642 3594 770 3678 quidem
794 3593 876 3658 haec
899 3591 1074 3676 explicatio
1095 3590 1277 3675 probabilis
1293 3611 1364 3655 esse

174 3700 311 3781 videtur,
335 3700 487 3784 quoniam
504 3699 641 3765 alteram
658 3719 787 3782 quoque
802 3697 965 3781 proponit,
989 3717 1085 3779 quam
1100 3695 1173 3779 plus
1187 3693 1365 3778 probabili·

173 3805 252 3870 tatis
282 3825 362 3889 prae
393 3824 427 3871 se
458 3804 544 3869 ferre
573 3804 641 3869 sine
672 3801 771 3867 dubio
799 3802 830 3865 ei
853 3821 1044 3884 persuasum
1067 3803 1125 3863 est.
1170 3798 1258 3863 Dicit
1279 3799 1361 3862 enim
1455 3838 1465 3859 .

173 3910 283 3992 potius
307 3908 503 3986 recredere,
534 3906 629 3987 „dass
646 3904 890 3984 Demosthenes,
913 3903 971 3968 der
994 3902 1053 3968 auf
1075 3902 1127 3967 die
1146 3900 1363 3985 ganzeSache

173 4044 378 4059 Α-Η-Ηη-Ᾱ--ι-Ή-ο

260 4118 287 4270 di
304 4114 525 4272 Idli‘sldhddidr.
546 4200 564 4255 l.
583 4218 605 4255 o.
625 4195 676 4254 ΙΙΙ
695 4203 712 4253 2
729 4218 756 4269 p.
775 4199 893 4266 72--753
921 4197 1102 4253 anmmsrer.
1128 4197 1146 4250 l.
1165 4212 1189 4251 e.
1215 4213 1242 4265 p.
1260 4196 1362 4262 4-16;

174 4288 273 4344 Reieh.
291 4289 319 4342 in
340 4289 421 4357 libro,
440 4290 488 4358 qui
506 4288 683 4342 inscribitur:
709 4285 764 4339 Die
781 4284 872 4354 Frage
891 4284 941 4338 der
962 4288 1150 4352 sogenannten
1174 4282 1289 4335 aweiten
1308 4280 1362 4335 Re-

176 4376 290 4429 dahtion
316 4376 364 4428 der
381 4374 478 4429 Reden
497 4392 561 4429 vom
578 4373 688 4428 Kranm
707 4390 734 4442 p.
753 4373 865 4425 22—30.
901 4369 943 4425 cf.
962 4371 1045 4424 etiam
1062 4370 1142 4423 huius
1160 4368 1362 4421 dissertationis

175 4483 201 4534 p.
221 4467 254 4517 45
272 4482 331 4532 sqq.

265 4552 291 4618 3)
311 4549 419 4604 Ibidem
439 4567 465 4617 p.
487 4548 596 4616 13-15,
614 4548 724 4601 32—34.
801 4601 803 4605 .
