3242 5259
800 512 994 572 ...8-

299 702 359 765 per
392 701 489 763 quam
521 679 620 745 liuere
652 680 924 746 renuntiationem
960 700 1099 744 coronae
1132 702 1152 745 a
1185 679 1305 765 populo
1340 681 1492 747 decretae

300 783 411 869 populi
442 784 524 848 scito
548 783 724 849 accedente
747 783 845 848 etiam
868 784 902 847 in
924 782 1054 849 theatro
1073 782 1144 849 fieri
1166 784 1388 851 affirmaturos
1412 807 1492 851 esse.

301 887 422 967 Quodsi
447 908 571 967 revera,
602 880 777 952 Aeschines
797 887 913 972 pergit,
944 886 998 951 lex
1020 907 1149 971 quoque
1172 887 1377 973 Dionysiaca,
1408 910 1492 973 quae

300 996 451 1070 vocatur,
483 991 526 1056 ad
557 1011 693 1057 coronas
725 1011 745 1055 a
772 989 894 1076 populo
924 991 1065 1055 donatas
1087 997 1267 1081 spectaret,
1299 992 1381 1059 duas
1401 993 1492 1077 leges

300 1094 436 1161 mirifice
463 1096 549 1160 inter
580 1116 614 1160 ss
645 1095 869 1179 discrepantes
890 1095 924 1159 in
946 1095 1074 1160 coronis
1095 1097 1321 1162 renuntiandis
1343 1096 1493 1163 adhiberi

300 1220 404 1284 posse,
420 1198 454 1264 id
471 1198 558 1283 quod
573 1198 748 1264 verisimile
764 1219 828 1264 non
846 1200 897 1278 sit,
911 1199 1106 1282 praesertim
1122 1220 1195 1265 cum
1212 1198 1301 1285 leges
1316 1222 1337 1266 a
1351 1200 1494 1266 thesmo-

291 1303 399 1368 'thetis
439 1303 613 1388 quotannis
651 1307 928 1385 recognoscantur
957 1307 1009 1380 et,
1050 1324 1263 1388 quaecunque
1294 1310 1352 1370 aut
1381 1326 1493 1389 super·

301 1426 468 1472 vacansae
497 1412 555 1473 aut
585 1406 670 1472 inter
700 1427 735 1472 se
765 1406 951 1471 contrariae
971 1412 1123 1490 repertae
1145 1408 1225 1488 siut,
1255 1409 1494 1474 anomothetis

300 1510 466 1576 tollantur.
521 1509 585 1575 Sed
623 1515 661 1576 ut
699 1511 886 1576 accuratius
924 1510 1124 1577 demonstret
1154 1511 1275 1577 nullam
1306 1514 1392 1578 iuter
1419 1511 1494 1577 illas

300 1613 388 1699 leges
420 1614 671 1700 discrepantiam
703 1634 787 1695 esse,
814 1614 855 1679 de
883 1613 955 1698 lege
979 1614 1174 1700 Dionysiaca
1201 1636 1262 1700 per
1291 1622 1365 1682 octo
1396 1638 1492 1701 para-

301 1718 443 1803 graphus
466 1718 648 1784 luculenter
670 1718 825 1802 disputat.
872 1719 918 1783 Ac
937 1718 1078 1803 primum
1101 1741 1166 1802 qua
1188 1719 1229 1785 de
1245 1741 1345 1786 causa
1360 1742 1400 1786 ea
1415 1721 1494 1786 data

301 1824 358 1901 sit,
392 1822 530 1890 disserit.
576 1823 817 1907 Saepenumero
851 1823 936 1887 onim
969 1823 1002 1888 in
1034 1823 1166 1888 theatro
1200 1845 1311 1891 eoram
1345 1825 1495 1890 omnibus

302 1927 438 1993 Graecis
472 1948 544 1993 curn
579 1948 694 1992 servos
723 1927 939 1991 manumissos
974 1932 1043 1992 tum
1077 1928 1207 1993 nomina
1241 1928 1357 1993 civium
1389 1935 1447 1995 aut
1474 1951 1496 1993 a

302 2031 478 2097 tribulibus
507 2036 565 2096 aut
595 2052 615 2096 a
645 2030 860 2116 popularibus
890 2037 947 2096 aut
975 2031 1017 2096 ab
1049 2032 1169 2098 exteris
1193 2032 1381 2098 civitatibus
1403 2054 1495 2097 coro-

301 2141 453 2203 natorum
485 2136 672 2201 renuntiata
699 2156 786 2215 esse,
818 2135 907 2200 nulla
938 2136 1109 2218 rogatione
1137 2136 1179 2201 ad
1210 2135 1365 2221 populum
1395 2136 1495 2216 facta,

302 2262 378 2306 num
411 2239 688 2325 praedicationem
720 2238 791 2305 fieri
822 2239 952 2305 omnino
973 2239 1095 2305 liceret.
1141 2241 1299 2321 Quoniam
1323 2246 1432 2307 autem
1456 2262 1497 2305 ea

301 2366 337 2411 re
368 2350 401 2410 et
431 2348 633 2429 spectatores
664 2348 857 2427 actoresque
887 2342 1074 2428 perturbati
1103 2343 1240 2411 fuissent
1269 2350 1303 2409 et
1325 2344 1384 2409 viri
1404 2344 1453 2410 illi
1475 2366 1497 2408 a

302 2454 416 2515 senatu
446 2447 496 2513 vel
524 2448 645 2532 populo
676 2453 734 2512 aut
760 2447 910 2512 incuria
936 2454 994 2512 aut
1021 2448 1054 2512 in
1082 2448 1231 2515 contione
1254 2448 1364 2513 donati
1389 2450 1496 2514 minus

301 2554 453 2619 honorati
476 2552 535 2617 visi
558 2556 666 2617 esseut
688 2573 784 2635 quam
809 2551 844 2617 hi
864 2551 994 2636 publice
1018 2551 1142 2618 laudati
1164 2552 1197 2616 in
1220 2552 1360 2631 theatro,
1389 2551 1495 2635 legem

302 2657 528 2742 Dionysiacam
559 2656 660 2720 latam
685 2676 771 2734 esse,
802 2656 894 2721 ouius
916 2656 1109 2721 seutentiam
1132 2655 1308 2721 Aeschines
1330 2656 1362 2719 iu
1385 2658 1421 2741 ἐξ
1444 2661 1497 2735 36,

303 2769 355 2840 44,
378 2766 429 2839 47,
452 2766 493 2826 48
523 2760 656 2844 exponit
678 2760 763 2825 hano
785 2760 902 2825 fuisse:
926 2756 1001 2846 μήτ’
1028 2759 1162 2846 οἰκέτην
1183 2756 1436 2845 ἀπελευθεροῦν
1458 2760 1497 2827 ἐν

302 2875 349 2956 τῷ
380 2863 512 2955 θεάτρῳ
544 2860 622 2951 μήθ’
644 2861 710 2932 ὑπὸ
734 2872 803 2931 τῶν
825 2870 983 2946 φυλετῶν
1006 2861 1026 2949 ἢ
1047 2867 1206 2950 δημοτῶν
1227 2859 1497 2949 ἀναγορεύεσθαι

303 2967 595 3055 στεφανούμενον,
625 2964 699 3055 μηδ’
732 2964 785 3035 ὑπ’
818 2963 922 3035 ἄλλον
949 2965 1108 3053 μηδενὸς,
1140 2964 1302 3053 ἢᾶτιμον
1325 2964 1410 3035 εἶναι
1432 2964 1496 3035 τὸν

303 3073 432 3160 κήρυκα
454 3108 497 3119 -—
520 3069 578 3139 ἐὰν
599 3070 645 3158 μὴ
667 3076 856 3158 ψηφίσηται
881 3068 899 3138 ὃ
922 3074 1035 3157 δῆμος.
1081 3073 1182 3135 Actor
1204 3072 1393 3155 priusquam
1410 3071 1497 3137 hanc

304 3177 525 3261 exceptionem
556 3175 662 3255 addit,
693 3174 732 3239 de
765 3174 872 3240 verbis
903 3173 968 3239 illis
992 3175 1190 3258 gravissimis
1212 3171 1286 3261 μηδ
1313 3171 1366 3243 ὑπ’
1391 3172 1498 3243 ἄλλον

303 3278 446 3368 μηδενὸς
478 3279 580 3344 fusius
613 3279 759 3363 disputat
793 3278 999 3361 ostenditque
1035 3299 1074 3342 ea
1103 3299 1167 3342 uon
1200 3278 1243 3343 ad
1274 3285 1405 3344 senatus
1438 3285 1503 3344 aut>

303 3383 416 3469 populi
440 3402 576 3448 coronas
598 3382 786 3461 referenda,
819 3381 875 3447 sed
899 3381 939 3446 de
960 3382 1081 3447 exteris
1101 3381 1178 3447 solis
1200 3382 1379 3448 honoribus
1402 3383 1497 3448 intel·

303 3488 442 3571 legenda
463 3507 543 3551 esse.
587 3485 670 3550 Nam
695 3507 766 3551 cum
784 3486 824 3550 de
841 3486 969 3549 coronis
985 3507 1005 3549 a
1021 3486 1141 3571 populo
1159 3493 1339 3570 senatuque
1355 3486 1498 3552 decretis
1618 3523 1619 3526 ¹

304 3592 394 3676 prior
413 3590 470 3655 illa
493 3590 546 3653 lex
568 3589 636 3654 lata
653 3590 705 3668 sit,
728 3610 888 3672 apparere
904 3589 1006 3672 legem
1023 3589 1249 3674 Dionysiacam
1266 3611 1330 3655 non
1347 3596 1498 3674 spectare

305 3696 368 3761 nisi
394 3695 435 3759 ad
458 3693 625 3759 tribulium
642 3698 675 3757 et
689 3693 897 3777 popularium
912 3699 946 3757 ct
960 3694 1204 3777 peregrinorum
1222 3715 1368 3760 coronas.
1409 3697 1498 3775 Quos
1617 3765 1618 3768 ,

183 3814 188 3823 ’
304 3799 346 3885 ad
388 3804 574 3864 exterarum
612 3797 777 3862 civitatum
813 3797 953 3862 honores
985 3798 1208 3881 exceptionem
1242 3819 1371 3882 quoque
1406 3798 1498 3863 illam
1617 3853 1618 3870 2

304 3903 407 3969 refert
432 3901 491 3970 ἐὰν
511 3899 557 3988 μὴ
580 3906 769 3987 ψηφίσηται
791 3898 809 3968 ὁ
832 3905 944 3987 δῆμος,
991 3901 1073 3966 Nam
1097 3901 1194 3966 etiam
1218 3923 1355 3967 coronas
1378 3923 1498 3968 renun-

304 4008 440 4071 tiatione
457 4006 490 4069 in
505 4005 636 4069 theatro
655 4004 744 4069 facta
760 4004 925 4069 Minervae
946 4004 1145 4069 dedicandas
1162 4005 1384 4091 intellegipuon
1400 4028 1498 4091 posse
1616 4011 1617 4014 ’

305 4110 366 4175 nisi
395 4109 434 4175 de
464 4111 604 4189 ξενικοῖς
627 4108 816 4194 στεφάνοις,
846 4130 918 4173 cum
950 4108 1032 4173 alias
1052 4129 1189 4173 coronas
1212 4109 1324 4175 eodem
1348 4117 1499 4195 tempore

306 4219 339 4278 et
365 4212 550 4298 praedicari
581 4218 630 4291 et,
658 4217 696 4278 ut
725 4212 793 4277 deis
815 4212 1020 4292 dedicentur,
1050 4234 1163 4276 rursus
1185 4212 1284 4278 adimi
1306 4236 1370 4279 non
1388 4214 1498 4280 liceat.

229 4297 237 4312 ’
304 4318 420 4400 Itaque
432 4316 535 4398 legem
551 4316 777 4401 Dionysiacam
791 4316 833 4380 ad
846 4316 957 4399 populi
969 4316 1174 4381 laudationes
1184 4317 1314 4382 minime
1327 4325 1477 4402 spectare
1489 4344 1498 4401 3

306 4421 501 4487 adversariis
530 4440 605 4485 vero
641 4420 691 4485 ius
720 4420 762 4486 ad
794 4440 866 4485 eam
895 4419 1094 4504 provocandi
1123 4419 1205 4485 adeo
1234 4441 1298 4488 uon
1332 4441 1419 4503 esse,
1459 4429 1500 4490 ut
