3242 5259
641 558 856 632 26³1..

152 746 301 823 spectare
332 734 411 805 satis
440 746 566 805 constet
578 741 612 824 1).
658 740 830 823 Sequitur,
869 746 906 804 ut
938 747 976 804 eo'
1004 736 1168 823 tempore,
1208 754 1272 822 quo
1301 728 1341 803 lis

151 844 329 927 Harpalioa
344 850 419 909 acta
441 850 500 922 est,
522 845 542 909 i.
558 866 583 909 e.
605 844 731 909 duobus
750 845 843 909 annis
858 848 934 908 ante
949 848 1088 907 mortem
1106 844 1342 920 Demosthenis,

152 947 383 1031 Ctesiphontea
405 950 438 1011 in
460 948 565 1013 lucem
587 948 652 1014 iam
676 948 764 1013 edita
788 947 894 1013 fuerit.
943 947 1014 1011 Alia
1033 948 1134 1029 igitur
1155 948 1342 1011 testimonia

150 1052 323 1135 neglegens
338 1051 388 1115 vel
405 1052 486 1116 haec
504 1058 697 1135 argumenta
711 1057 839 1115 tantam
853 1052 917 1115 vim
932 1049 1054 1116 habere
1070 1072 1195 1129 censeo,
1214 1057 1251 1114 ut
1266 1050 1341 1115 iude

150 1157 369 1238 perspiciatur
389 1155 536 1221 Hubonis
560 1157 753 1221 sententiam
777 1155 817 1221 de
833 1154 1064 1239 Ctesiphontea
1088 1154 1341 1219 aDemostbene

150 1279 212 1323 non
229 1258 318 1323 edita
330 1258 525 1324 reiciendam
542 1281 628 1325 esse:
645 1260 879 1325 Demosthenes
895 1260 1076 1324 orationem
1091 1261 1160 1341 ipse
1178 1257 1340 1339 evulgavit

149 1362 286 1444 ideoque
309 1364 406 1427 etiam
430 1385 533 1447 usque
556 1364 597 1428 ad
621 1364 717 1429 finem
739 1362 903 1429 scribendi
925 1362 1088 1447 perduxit,
1110 1362 1228 1427 litteris
1250 1382 1340 1424 man·

150 1466 232 1530 dans
256 1472 289 1532 et
309 1473 419 1532 cetera
440 1474 633 1551 argumenta
655 1474 688 1534 et
710 1468 810 1533 rerba
832 1468 873 1533 de
889 1466 1056 1533 Sirenibus
1071 1466 1170 1531 facta.
1205 1465 1268 1531 Sed
1289 1465 1341 1528 his

149 1569 297 1635 omnibus
328 1573 461 1637 remotis
493 1572 589 1637 Hubo
613 1572 653 1637 de
676 1572 826 1637 Sirenum
848 1572 1092 1656 comparatione
1114 1571 1162 1634 ita
1183 1567 1340 1645 iudicans,

149 1678 185 1737 ut
224 1674 426 1740 defensorem
455 1677 722 1742 commentarium
754 1683 852 1741 antea
879 1681 1050 1741 exaratum
1078 1694 1141 1738 non
1173 1672 1215 1737 ad
1243 1672 1338 1736 finem

148 1783 346 1843 retractasse
378 1778 572 1858 arbitretur,
604 1802 709 1846 noune
735 1779 834 1847 fidem
851 1780 948 1845 huius
970 1779 1145 1862 opinioniS,
1174 1797 1258 1859 qnae
1280 1796 1340 1859 per

148 1902 183 1945 se
200 1902 335 1964 parram
352 1884 498 1949 veritatis
514 1886 653 1969 speciem
669 1883 779 1963 habet,
803 1884 914 1967 aliqua
928 1885 1055 1949 ratione
1072 1902 1191 1963 augere
1207 1879 1338 1945 studet?

148 1984 243 2051 Certe
276 1987 360 2051 enim
393 1989 511 2057 mirum
546 1994 650 2069 esset,
682 1990 709 2054 si
739 2011 838 2054 unum
872 1987 933 2053 hoo
966 1988 1138 2069 vestigium
1165 1983 1338 2049 incohatae

147 2090 354 2155 retractionis
382 2094 590 2175 reperiretur.
636 2095 682 2161 Ac
711 2113 826 2158 revera
850 2094 898 2158 vir
922 2092 1053 2168 doctus,
1083 2097 1120 2156 ut
1143 2088 1337 2155 sententiam

148 2214 240 2258 suam
268 2196 485 2275 commendet,
516 2197 557 2262 ad
589 2197 727 2262 alteram
757 2196 983 2263 difficultatem
1012 2195 1126 2259 eodem
1157 2191 1253 2258 modo
1283 2212 1338 2253 ex·

146 2297 339 2380 pediendam
360 2306 525 2384 provocat,
548 2301 674 2366 scilicet
696 2301 737 2365 ad
760 2301 803 2380 id,
825 2300 912 2385 qnod
928 2300 1104 2366 Aeschines
1127 2300 1160 2363 in
1181 2298 1217 2381 ἓξ
1241 2302 1281 2359 55
1306 2300 1339 2359 et

149 2405 209 2467 159
241 2424 310 2486 sqq.
342 2404 381 2468 de
410 2404 508 2469 rebus
538 2411 612 2490 post
635 2405 855 2489 Ctesiphontis
889 2406 1092 2488 rogationem
1123 2402 1223 2485 gestis
1245 2400 1337 2463 dixit.

146 2504 259 2589 Neque
283 2509 367 2572 enim
391 2507 521 2574 dubitat
543 2509 649 2588 Habe,
671 2510 748 2594 quin
773 2509 1007 2574 Demosthenes
1027 2510 1059 2572 in
1081 2506 1201 2572 iudicio
1224 2503 1337 2567 adver·

146 2611 269 2675 sarium
299 2611 379 2677 talia
409 2611 510 2677 verba
540 2612 712 2679 facientem
743 2621 800 2680 ant
830 2613 987 2678 refellerit
1016 2618 1074 2677 aut
1094 2607 1336 2693 vituperaverit,

146 2714 179 2777 in
210 2721 396 2780 contextum
429 2723 538 2783 autem
571 2720 712 2802 scriptae
735 2718 892 2783 orationis
913 2716 1076 2781 redditam
1091 2714 1180 2780 illam
1204 2732 1336 2795 respon·

146 2818 267 2883 sionem
297 2826 488 2903 recepturus
519 2822 632 2900 fuerit,
663 2823 725 2887 nisi
754 2824 872 2887 iterum
901 2827 1029 2905 tempus
1057 2841 1129 2884 enm
1155 2815 1335 2881 defecisset.

146 2920 210 2984 Sed
232 2921 316 2985 hano
340 2924 588 3006 explicationem
609 2926 706 3009 plane
723 2924 972 3008 improbabilem
987 2944 1068 3001 esse,
1090 2923 1168 3005 quia
1185 2920 1335 2984 defensor

146 3023 186 3087 ad
218 3025 318 3090 verba
344 3027 401 3091 illa
424 3028 591 3093 Aeschinis
623 3030 769 3095 consulto
800 3050 861 3095 nec
883 3030 917 3093 in
939 3026 1055 3092 habita
1077 3048 1136 3091 uec
1159 3026 1191 3089 in
1211 3024 1336 3107 scripta

146 3131 293 3194 oratione
315 3132 492 3214 respondit,
515 3154 616 3217 supra
639 3134 682 3217 (p.
704 3142 743 3199 55
759 3134 821 3216 sq.)
845 3134 925 3197 satis
946 3130 1172 3196 intelleximus.
1216 3126 1334 3205 Quam·

146 3232 257 3297 obrem
287 3236 449 3299 sententia
467 3235 614 3301 Hubonis
644 3237 706 3301 hoo
737 3242 929 3319 argumento
950 3232 1103 3318 adempto
1125 3232 1205 3297 nihil
1225 3230 1334 3307 habet,

145 3356 208 3419 quo
238 3334 400 3403 fulciatur.
453 3338 567 3404 Totam
598 3345 706 3405 autem
730 3339 1010 3423 Ctesiphonteam,
1041 3335 1198 3419 numquid
1228 3336 1333 3399 conie-

145 3446 272 3503 cturam
293 3443 494 3526 propositam
521 3444 698 3523 confirmet,
723 3443 1005 3528 perscrutantibus
1028 3441 1121 3506 nobis
1144 3439 1248 3505 eidem
1271 3438 1334 3501 loci

143 3543 309 3608 tractandi
336 3551 427 3624 sunt,
459 3548 515 3629 qui
546 3550 578 3613 in
606 3549 832 3632 disquisitione
852 3548 892 3612 de
916 3546 1142 3611 Demosthenis
1165 3543 1334 3625 diligent-ia

143 3647 304 3712 instituta.
349 3649 472 3727 Quibus
510 3651 589 3716 locis
626 3653 778 3736 quoniam
814 3650 1015 3717 defensorem
1047 3669 1207 3732 nusquam
1237 3644 1334 3711 aliter
1378 3734 1381 3739 1

144 3750 313 3833 scripsisse
343 3773 382 3816 ac
404 3752 524 3819 dixisse
545 3756 699 3834 vidimus,
731 3762 870 3839 apparet
892 3778 965 3821 eum
986 3757 1019 3820 in
1039 3751 1165 3818 edenda
1185 3750 1332 3814 oratione

144 3873 247 3935 neque
279 3856 405 3920 incuria
427 3858 568 3940 quadam
593 3866 713 3925 motum
737 3881 842 3944 neque
865 3861 1023 3943 angustiis
1045 3857 1200 3939 temporis
1222 3851 1332 3937 prohi-

143 3956 246 4021 bitum
285 3979 365 4023 esse.
410 3960 556 4026 Hubonis
594 3963 695 4045 igitur
723 3966 886 4030 sententia
914 3962 1077 4028 reicienda
1110 3966 1176 4037 est,
1212 3959 1331 4040 quippe

143 4080 227 4142 quae
248 4062 360 4126 eodem
384 4064 488 4141 modu,
517 4085 580 4147 quo
602 4088 702 4150 supra
722 4067 898 4144 Sohaeferi,
927 4068 1053 4144 Blassii,
1080 4064 1203 4128 lieichii
1225 4063 1330 4125 conie-

144 4168 245 4241 ctura,
262 4164 349 4229 nullo
366 4166 429 4231 alio
445 4168 694 4251 Ctesiphonteae
712 4171 783 4235 loco
798 4171 993 4248 stabiliatur,
1015 4169 1209 4253 praesertim
1221 4169 1329 4228 autem

144 4288 216 4331 oum
238 4289 277 4331 ne
309 4268 453 4334 dubitari
482 4272 613 4355 quidem
643 4276 755 4357 possit,
785 4278 862 4359 quin
887 4274 1119 4340 Demosthenes
1150 4270 1329 4334 orationem

142 4372 308 4452 usquead
332 4374 452 4438 exitum
476 4378 690 4460 perscriptam
714 4379 862 4443 ediderit.

142 4502 347 4515 —.—-..—.

234 4562 260 4630 1)
279 4562 320 4618 cf.
337 4562 424 4617 Blesn.
443 4563 504 4619 Aet.
522 4565 587 4621 Ber.
606 4566 657 4622 ΙΠ
676 4568 708 4620 2¹
725 4586 752 4638 p.
771 4570 822 4622 321
841 4545 902 4623 adn.
920 4571 945 4622 2.
968 4522 972 4527 ¹
