3242 5259
623 532 834 595 ...57-

131 718 196 761 non
225 697 270 761 fit.
315 698 357 762 Et
388 698 518 780 merit03
552 721 626 765 nam
652 706 779 766 tanturn
804 701 905 781 abest,
925 706 963 767 ut
986 702 1217 767 Demosthenes
1237 702 1320 767 eins·

131 801 219 866 modi
239 801 340 866 verba
362 804 395 867 iu
418 802 544 868 edenda
567 804 714 869 oratione
736 806 891 886 omiserit,
923 806 1047 870 utiam
1076 806 1110 870 in
1133 827 1234 871 causa
1255 806 1321 872 tale

132 904 309 987 quidquam
333 926 396 970 non
419 906 547 972 dixerit.
583 908 759 975 Aeschines
783 908 914 993 quidem
937 929 1002 974 non
1022 908 1125 973 solum
1148 909 1181 973 in
1202 910 1322 994 epilogi

130 1008 339 1095 paragrapho
360 1009 417 1073 illa
440 1014 512 1091 257,
536 1011 593 1076 sed
616 1012 712 1076 etiam
740 1013 773 1077 in
797 1014 833 1099 ξς
852 1018 869 1076 7
894 1018 926 1078 et
951 1019 1011 1078 196
1034 1013 1066 1077 in
1089 1012 1321 1079 advocatorum

131 1133 262 1196 gregem
299 1112 464 1179 invehitur
496 1113 692 1195 admonens,
733 1138 774 1181 ne
803 1116 927 1182 iudices
964 1116 997 1181 in
1036 1137 1215 1200 paucorum
1248 1140 1321 1183 cum

132 1221 298 1281 oratorum
318 1222 387 1282 tum
410 1218 643 1303 imperatorum
664 1220 791 1285 dicione
810 1209 992 1301 teneantur,
1016 1220 1180 1286 aemalae
1202 1226 1272 1287 tum
1288 1223 1321 1287 in

132 1320 314 1401 actionibus
330 1322 810 1393 diiudicandisconsuetudines
826 1345 899 1389 cum
920 1324 1123 1409 superiorum
1139 1329 1322 1410 temporum

132 1426 305 1490 severitate
330 1425 506 1492 conferens.
553 1428 756 1506 Quinetiam
786 1434 824 1493 ut
846 1426 1080 1494 Demosthenes
1102 1429 1322 1513 Ctesiphontis

131 1534 288 1613 patronus
311 1530 475 1611 reiciatur,
496 1531 652 1596 heliastas
680 1531 834 1597 sollicitat
856 1533 888 1618 (ᾗ
911 1535 1004 1616 202),
1039 1533 1159 1617 quippe
1182 1555 1321 1617 quorum

131 1655 172 1698 ex
202 1632 338 1699 arbitrio
372 1635 404 1699 in
436 1656 631 1719 unaquaque
665 1657 765 1701 causa
797 1636 990 1720 pependisse
1028 1642 1170 1717 constet,
1211 1642 1320 1703 utrum

132 1741 165 1806 ot
187 1737 371 1825 συνήγοροι
392 1738 493 1804 verba
515 1739 624 1805 facere
647 1740 830 1805 sinerentur
853 1761 953 1805 necne
964 1741 999 1823 1).
1034 1740 1193 1806 Defensor
1213 1746 1322 1807 autem

133 1863 204 1907 cum
230 1842 316 1907 hunc
339 1844 556 1909 accusationis
577 1843 684 1909 locum
707 1844 741 1908 in
762 1844 896 1909 exordio
920 1844 1076 1910 orationis
1099 1842 1187 1909 haud
1213 1846 1323 1931 inepte

132 1944 269 2026 refellat,
298 1952 510 2031 patronorum
539 1948 733 2012 mentionem
764 1968 828 2012 non
854 1947 949 2026 facit,
980 1947 1079 2031 idque
1103 1947 1323 2033 compluribus

133 2050 173 2113 de
200 2048 391 2116 rationibus,
436 2050 519 2116 Nam
549 2052 689 2136 primum
720 2052 850 2135 quidem
881 2051 1146 2117 verisimillimum
1177 2057 1227 2117 est
1248 2074 1322 2119 enm

132 2154 246 2237 ipsum,
271 2174 391 2237 exque
411 2156 443 2219 in
467 2176 503 2220 re
525 2155 657 2239 publica
681 2162 829 2221 versatus
848 2163 929 2236 erat,
950 2155 969 2220 i.
986 2176 1012 2220 e.
1032 2155 1074 2221 ab
1089 2176 1173 2220 anno
1192 2156 1323 2222 circiter

133 2262 205 2338 354,
220 2258 300 2323 nulli
317 2259 414 2323 etiam
428 2280 545 2325 causae
562 2259 756 2325 advocatum
769 2260 931 2325 exstitisse
943 2259 980 2344 2).
1006 2258 1100 2333 Unde
1116 2261 1322 2344 perspicitur,

132 2384 190 2427 cur
209 2363 241 2427 in
257 2363 414 2428 orationis
427 2363 467 2428 de
488 2363 572 2429 falsa
590 2364 752 2448 legatione
771 2363 905 2428 habitae
922 2364 1139 2449 paragraphis
1152 2368 1319 2431 290-301

131 2465 293 2533 Eubulum
325 2467 487 2551 vituperet
495 2504 508 2547 ,ι
534 2468 622 2551 quod
643 2467 795 2533 Aeschini
824 2467 1012 2554 συνήγορος
1039 2489 1248 2534 successurus
1271 2470 1322 2548 sit,

131 2576 167 2635 et
195 2570 319 2637 iudices
351 2570 554 2651 adhortetur,
585 2594 625 2637 ne
652 2572 739 2637 viros
764 2592 871 2636 rerum
896 2572 1037 2637 civilium
1061 2572 1186 2656 peritos
1208 2572 1250 2637 ad
1272 2572 1324 2638 ius

132 2675 303 2755 dicendum
335 2676 531 2741 auctoritate
565 2675 673 2741 valere
702 2676 879 2759 patiantur.
925 2676 1016 2755 Quae
1038 2697 1111 2740 cum
1137 2676 1185 2741 ita
1206 2681 1322 2755 essent,

131 2779 240 2844 iacere
256 2801 320 2845 non
335 2780 451 2864 potuit,
474 2786 511 2845 ut
525 2780 559 2844 in
578 2780 636 2845 lite
653 2780 883 2863 Ctesiphontea
900 2780 971 2863 ipse
986 2780 1197 2867 συνηγόρους
1212 2801 1321 2845 secum

132 2883 174 2947 ad
204 2882 358 2949 iudicium
384 2882 569 2951 deduceret.
615 2886 661 2947 Ac
690 2904 730 2947 ne
759 2882 877 2948 habuit
904 2883 1050 2967 quidem,
1081 2883 1168 2967 quod
1196 2884 1229 2947 in
1259 2884 1323 2948 hac

132 3009 232 3053 causa
254 2994 409 3072 patronos
432 2987 494 3052 sibi
517 2987 701 3065 advocaret,
727 2988 879 3069 quoniam
901 2994 1039 3072 apparet
1057 2987 1321 3071 Ctesiphonteam

133 3098 260 3157 oratam
284 3098 351 3156 tarn
373 3112 529 3175 prospere
553 3092 705 3169 evenisse,
730 3095 766 3155 ut
781 3095 893 3155 orator
907 3092 1116 3178 συνηγόρους
1138 3090 1323 3155 adsciscens

131 3196 212 3261 nihil
243 3196 332 3261 alind
364 3200 496 3260 acturus
531 3195 592 3259 nisi
627 3194 689 3258 rim
723 3192 919 3259 defensionis
958 3194 1181 3260 infirmaturus
1215 3193 1322 3262 fuerit.

132 3300 262 3385 Optimo
278 3300 377 3383 igitur
392 3300 463 3365 iure
478 3298 710 3364 subiectionem
734 3297 822 3362 illam
839 3298 1015 3382 Aeschinis,
1039 3301 1094 3381 qui
1113 3298 1324 3363 simulaverat

131 3404 218 3482 fore,
249 3410 285 3473 ut
314 3404 510 3469 adversariis
542 3402 583 3467 ad
607 3400 826 3486 Ctesiphontis
856 3402 1058 3483 rogationem
1086 3401 1320 3467 defendendam

131 3508 262 3591 patroni
286 3506 417 3589 qnidam
442 3504 622 3572 advocandi
646 3511 768 3585 essent,
800 3526 863 3568 non
893 3505 997 3569 solum
1019 3527 1083 3571 non
1108 3506 1232 3588 explet,
1264 3505 1321 3570 sed

130 3611 228 3695 plane
259 3610 415 3693 neglegit,
446 3610 638 3693 praesertim
673 3630 746 3673 cum
769 3608 902 3673 dubium
933 3630 996 3673 non
1025 3610 1085 3688 sit,
1116 3609 1194 3693 quin
1223 3608 1321 3673 etiam

132 3720 225 3780 actor
266 3714 353 3779 solus
388 3713 515 3779 dixerit.
571 3714 654 3778 Nam
689 3712 815 3777 etiamsi
849 3734 921 3777 cum
964 3712 1019 3777 alii
1059 3712 1121 3777 loci
1155 3718 1224 3776 tum
1258 3711 1321 3775 De-

131 3816 353 3884 mosthenicae
382 3818 538 3882 orationis
569 3816 669 3882 verba
696 3816 897 3901 paragraphi
926 3821 966 3881 87
1005 3813 1087 3895 „cdv
1117 3819 1323 3902 διαρραγῶσί

131 3948 220 4002 τινες
235 3922 384 3996 τούοωυ“
409 3920 548 3986 dilucide
565 3920 790 3985 demonstrant
812 3920 931 3985 multos
946 3920 1092 3985 homines
1108 3918 1322 3984 Macedonum

131 4025 295 4091 studiosos
326 4046 398 4090 cum
427 4025 584 4090 Aeschine
617 4023 772 4089 adversus
806 4023 1007 4089 defensorem
1038 4023 1183 4102 stetisse,
1212 4028 1321 4087 tamen

132 4135 204 4221 tota
242 4150 282 4193 ex
312 4129 518 4193 accusatione
557 4129 663 4194 elucet
699 4128 860 4192 neminem
897 4148 1008 4192 eorum
1044 4126 1174 4211 patroni
1211 4131 1323 4209 partes

220 4372 246 4439 1)
265 4370 307 4425 Of.
329 4369 471 4423 Schaeier.
488 4370 506 4421 l.
526 4386 549 4422 c.
569 4367 602 4421 1²
619 4388 646 4438 p.
665 4370 723 4422 345.

220 4459 247 4525 2)
267 4456 308 4511 (li,
328 4456 414 4510 Blass.
433 4454 494 4509 Att.
513 4454 577 4509 Ber.
595 4453 646 4510 ΠΙ
668 4456 700 4507 1¹
716 4473 743 4524 p.
762 4456 804 4508 31.
