3242 5259
787 568 1005 629 ...ὅθ-

302 722 543 821 Schaet'erds1),
566 736 757 824 Blassiusll,
779 737 972 820 Reichius3)
996 736 1060 801 alio
1076 742 1174 820 atque
1190 758 1229 799 eo
1244 736 1366 819 optimo
1385 735 1488 814 modu,

303 864 360 908 our
383 840 616 907 Demosthenes
639 847 673 906 et
703 841 736 905 iu
767 839 882 906 habita
903 847 937 906 et
962 842 1000 918 in,
1026 842 1149 925 scripta
1171 840 1318 905 oratione
1339 839 1490 918 tacuerit,

302 945 474 1031 explicant.
519 944 632 1029 Neque
663 945 747 1011 enirn
774 944 909 1009 dubium
932 951 998 1025 est,
1031 945 1108 1028 quin
1130 942 1305 1010 Aeschines
1335 943 1490 1008 simulans

301 1050 511 1136 partitionem
552 1050 649 1115 istam
684 1070 724 1114 ex
766 1048 946 1114 adversarii
981 1048 1115 1114 consilio
1151 1069 1285 1113 manare
1317 1046 1398 1113 nihil
1428 1048 1491 1111 nisi

301 1154 439 1237 figuram
461 1153 625 1237 quandam
649 1152 805 1218 orationis
827 1150 992 1218 adhibeat.
1027 1155 1099 1233 Qua
1120 1154 1247 1217 ratione
1264 1173 1337 1216 cum
1358 1151 1401 1215 ab
1420 1152 1490 1235 ipso

302 1256 520 1323 Demosthene
540 1263 672 1322 coactus
688 1255 838 1322 videatur
853 1278 917 1321 non
934 1257 1037 1322 solum
1054 1257 1123 1321 eius
1138 1276 1191 1321 res
1207 1261 1283 1320 ante
1297 1256 1489 1320 instructam

301 1362 389 1426 litem
423 1365 532 1444 gestas
563 1380 771 1446 percensere,
802 1360 861 1425 sed
896 1362 994 1427 etiam
1029 1380 1201 1444 quaerere,
1235 1381 1311 1425 num
1344 1355 1490 1443 tempore

301 1466 386 1531 inter
408 1464 553 1530 libellum
574 1463 731 1530 traditum
748 1471 780 1529 et
796 1463 881 1529 diem
898 1465 1009 1531 iudicii
1031 1464 1204 1529 interiecto
1220 1485 1341 1529 corona
1359 1462 1490 1547 dignum

302 1591 336 1635 se
358 1553 569 1653 praestiterit,
592 1566 764 1633 manifesto
784 1569 913 1635 efficere
936 1568 1055 1648 studet,
1077 1574 1115 1633 nt
1137 1567 1343 1633 adversarius
1360 1589 1490 1651 quoque

302 1673 350 1739 uti
380 1672 420 1737 de
448 1671 606 1756 Philippi,
637 1672 684 1736 sic
714 1671 753 1737 de
781 1673 958 1738 Alexandri
987 1679 1096 1738 aetate
1123 1672 1223 1737 verba
1250 1672 1351 1737 iaciat
1379 1673 1490 1756 itaque

300 1776 438 1843 inimicis
466 1776 636 1841 materiam
668 1775 734 1840 litis
764 1775 869 1842 denuo
896 1778 959 1860 ipsi
985 1776 1172 1842 inferendae
1194 1775 1363 1860 praebeat.
1407 1776 1491 1841 Nam

302 1881 455 1946 debuitne
478 1879 638 1960 defensor,
671 1884 708 1945 ut
730 1880 900 1946 Aeschinis
921 1881 1099 1946 calumnias
1122 1880 1269 1960 reiceret,
1293 1902 1401 1945 coram
1425 1902 1491 1946 om·

302 1984 399 2049 nibus
424 2004 595 2068 exponere,
618 1984 780 2067 quomodo
796 1983 945 2069 Philippo
968 1990 1096 2050 mortuo
1114 1985 1238 2049 civitati
1254 1984 1492 2050 consuluisset?

301 2088 415 2155 Nonne
439 2087 479 2153 de
504 2086 718 2153 seditionibus
734 2086 891 2153 Thebana
913 2109 952 2153 ae
970 2088 1131 2153 Laconica
1150 2087 1260 2153 dicens
1280 2110 1352 2153 cum
1369 2088 1493 2153 civibus

301 2192 531 2259 detrimentum
565 2191 728 2257 attulisset
766 2197 851 2271 tum,
889 2199 926 2257 ut
954 2192 1084 2258 Horatii
1092 2191 1122 2276 4)
1156 2192 1263 2257 verbis
1291 2198 1382 2272 utar,
1422 2193 1492 2277 ipse

301 2296 411 2362 vineta
433 2315 492 2360 sua
514 2295 707 2360 cecidisset?
752 2294 866 2361 Nonne
898 2296 999 2379 igitur
1022 2296 1200 2361 rectissime
1223 2296 1315 2376 fecit,
1348 2296 1435 2379 quod
1459 2302 1493 2361 et

302 2399 342 2465 de
363 2404 519 2483 quattuor
541 2409 670 2483 καιροῖς
693 2404 726 2464 et
747 2398 787 2463 de
812 2399 987 2465 Alexandri
1010 2404 1157 2485 tempore
1178 2401 1290 2479 tacuit,
1313 2397 1492 2465 adversarii

302 2509 410 2569 autem
433 2503 690 2587 provocationes,
721 2502 835 2586 quales
857 2525 920 2567 non
944 2503 1047 2568 solum
1069 2504 1131 2568 hoc
1154 2504 1237 2584 loco,
1258 2503 1315 2568 sed
1339 2504 1435 2568 etiam
1459 2504 1491 2568 in

302 2610 338 2694 ἐξ
361 2612 423 2674 216
443 2612 477 2673 et
499 2611 560 2671 219
588 2606 743 2689 legimus,
775 2628 816 2671 ne
844 2606 955 2689 attigit
985 2606 1142 2691 quidem?
1188 2606 1311 2687 Quibus
1338 2608 1371 2672 iu
1396 2629 1492 2692 para·

302 2710 452 2795 graphia,
484 2731 565 2793 quas
596 2709 737 2775 secundo
770 2709 842 2774 loco
874 2710 1121 2794 perlustrandas
1150 2710 1395 2795 proposuimus,
1430 2712 1492 2775 De·

302 2814 502 2880 mosthenem
533 2818 727 2897 negaturum
750 2834 821 2878 esse
844 2814 1000 2899 scriptum
1029 2814 1174 2880 videmus
1198 2821 1341 2879 actorem
1365 2836 1406 2879 ex
1426 2815 1493 2881 ulla

302 2919 368 2984 alia
384 2939 484 2983 causa
505 2917 595 2982 litem
620 2916 806 2997 intendisse,
830 2918 891 2982 nisi
915 2924 952 2983 ut
968 2918 1151 2983 Alexandro
1174 2918 1387 2984 blandiretur.
1425 2919 1493 2984 Nec

302 3022 435 3087 difficile
452 3027 502 3087 est
523 3020 691 3087 intellectu
707 3020 910 3087 defensorem
934 3021 976 3086 ad
991 3022 1074 3087 haec
1088 3022 1190 3087 verba
1207 3044 1270 3088 uon
1287 3023 1492 3107 respondisse

300 3127 418 3191 iterum
450 3129 633 3205 curantem,
673 3146 713 3190 ne
743 3125 789 3190 eis
823 3125 1089 3205 Atheniensibus,
1123 3127 1179 3209 qui
1209 3147 1229 3190 a
1259 3125 1493 3191 Macedonibus

302 3228 444 3308 stabant,
475 3228 583 3294 locum
606 3227 700 3293 daret
721 3227 860 3293 nocendi
882 3235 916 3293 et
938 3251 1032 3295 voces
1055 3229 1212 3313 quasdam
1235 3231 1493 3297 inconsideratas

302 3333 345 3399 ad
359 3332 611 3417 Amphictyones
625 3331 799 3410 deferendi,
817 3354 898 3417 quos
910 3334 1098 3418 Pythiorum
1115 3333 1323 3399 sollemnibus
1338 3335 1492 3400 iudicium

302 3437 448 3502 facturos
480 3457 550 3501 esse
573 3436 749 3501 Aeschines
779 3438 849 3521 ipse
880 3438 913 3500 in
940 3440 957 3522 ξ
982 3443 1043 3503 254
1074 3436 1210 3501 dixerat.
1256 3438 1304 3503 De
1331 3438 1494 3505 industria

302 3540 411 3624 igitur,
434 3539 565 3603 minime
581 3538 622 3603 de
644 3540 770 3603 incuria
792 3540 972 3605 adversarii
994 3540 1094 3605 verba
1114 3542 1343 3625 praetermisit.
1379 3542 1493 3626 Neque

302 3645 399 3709 aliter
414 3664 466 3708 res
490 3663 524 3706 se
547 3641 648 3707 habet
670 3644 768 3707 tertio
791 3643 874 3722 loco,
898 3643 941 3707 ad
957 3666 1052 3726 quem
1077 3644 1166 3709 haud
1182 3645 1249 3710 scio
1268 3667 1309 3710 an
1325 3650 1493 3729 tamquam

301 3748 344 3812 ad
380 3752 526 3811 extrema
556 3746 751 3811 Schaeferus
790 3747 955 3830 ceterique
994 3748 1191 3814 descendere
1229 3749 1338 3813 velint.
1393 3752 1493 3816 Actor

303 3852 386 3916 enim
412 3852 446 3914 in
476 3852 578 3935 §257
611 3856 780 3933 exspectat
808 3851 1058 3916 Demosthenem
1088 3854 1122 3917 in
1150 3855 1358 3937 peroratione
1388 3852 1492 3919 socios

303 3954 460 4019 scelerum
476 3959 633 4037 patronos
650 3955 869 4020 excitaturum
882 3977 961 4035 esse,
978 3955 1012 4019 id
1024 3956 1111 4038 quod
1122 3958 1154 4021 in
1169 3958 1293 4022 tradita
1306 3957 1492 4022 defensione

389 4164 414 4229 1)
435 4160 467 4214 L.
489 4178 512 4214 o.
531 4159 581 4213 III
599 4162 616 4213 2
634 4179 661 4230 p.
683 4164 716 4215 77
736 4180 776 4230 sq.

389 4249 416 4315 2)
434 4246 496 4301 Att.
515 4246 578 4300 Ber.
598 4246 648 4300 HI
668 4250 698 4300 ll
715 4267 742 4317 p.
760 4250 813 4302 432
830 4266 871 4317 sq.

390 4338 417 4400 3)
438 4333 474 4387 D.
493 4333 569 4386 Bew.
587 4332 612 4386 d.
631 4332 734 4388 Aesoh.
754 4335 772 4388 i.
791 4353 811 4389 s.
830 4334 865 4389 R.
883 4352 947 4405 geg.
966 4334 1015 4389 Kt.
1043 4335 1059 4389 I
1081 4356 1108 4407 p.
1126 4339 1176 4405 423
1200 4337 1235 4392 D.
1254 4337 1299 4394 Fr.
1319 4338 1346 4391 d.
1364 4355 1423 4408 sog.
1443 4357 1492 4393 zw.

303 4420 372 4475 Red.
391 4420 418 4473 d.
436 4418 470 4473 R.
490 4436 516 4472 v.
537 4418 588 4472 Kr.
612 4437 639 4488 p.
658 4422 689 4472 41
711 4438 751 4489 sq.

388 4508 416 4573 4)
436 4505 476 4559 ef.
497 4521 539 4574 ep.
558 4503 593 4559 II
613 4507 625 4558 l
645 4506 704 4560 220.
