3242 5259
616 573 831 643 ...29-

129 739 282 811 diductae
313 746 385 819 sint,
418 747 505 811 haud
538 749 604 812 seio
634 770 674 813 an
704 750 753 813 uir
783 750 898 815 doctus
923 757 1017 835 putet
1047 774 1085 819 es
1119 753 1224 819 verbis
1252 742 1317 818 illis

129 850 231 937 νόμος
263 856 294 913 et
324 846 482 935 ἀφαιρεῖν
513 851 555 915 ab
585 859 725 936 utroque
755 860 888 918 oratore
907 855 1075 921 collocatis
1097 856 1188 922 illum
1210 856 1317 922 locum

129 955 170 1019 ad
204 954 289 1019 hunc
319 955 484 1037 pertinere
518 956 774 1022 concludendum
804 980 883 1023 esse.
932 958 994 1024 Sed
1023 964 1098 1025 utut
1126 960 1160 1024 id
1189 967 1248 1035 est,
1277 982 1318 1025 ea

129 1060 317 1123 coniectura
339 1064 406 1121 tam
430 1058 511 1123 miro
534 1060 649 1124 nititur
672 1060 894 1141 fundamento,
917 1068 954 1127 ut
970 1062 1009 1127 de
1027 1085 1064 1127 ea
1082 1063 1162 1127 nihil
1178 1064 1316 1149 amplius

127 1162 299 1227 dicendum
325 1182 397 1226 esse
419 1182 577 1226 censeam.

215 1266 292 1331 Cum
323 1266 423 1348 igitur
442 1266 616 1331 Aeschines
649 1288 753 1351 neque
779 1268 814 1332 in
840 1266 960 1333 iudicio
983 1291 1088 1355 neque
1113 1272 1146 1335 iu
1170 1271 1317 1335 oratione

128 1370 252 1434 tradita
283 1368 444 1434 fallaciam
477 1370 509 1433 in
540 1370 665 1454 legibus
696 1370 870 1437 afferendis
889 1372 1018 1451 fecerit,
1049 1394 1113 1439 non
1137 1374 1271 1439 multum
1297 1395 1317 1439 a

128 1474 266 1539 veritate
296 1472 531 1551 aberrabimus,
563 1475 590 1538 si
614 1474 861 1540 Demosthenem
886 1476 986 1541 verba
1014 1498 1098 1559 quae
1128 1483 1318 1553 tractamus,

126 1578 160 1641 id
184 1576 269 1661 quod
295 1598 394 1661 supra
417 1578 601 1661 suspicatus
623 1600 702 1658 sum,
725 1579 759 1643 in
781 1600 882 1645 causa
903 1602 967 1645 uon
989 1580 1110 1647 dixisse
1129 1588 1318 1647 statuemus.

127 1682 210 1747 Nam
235 1682 261 1745 si
285 1681 371 1765 apud
393 1680 549 1747 heliustas
572 1680 661 1746 diota
683 1689 799 1761 essent,
831 1705 893 1748 non
917 1690 1098 1768 caperetur,
1123 1705 1186 1768 quo
1210 1691 1319 1750 essent

127 1785 307 1851 referenda.
354 1788 402 1850 An
424 1791 522 1869 putas
544 1784 746 1869 probabilem
771 1808 842 1853 esse
865 1787 1057 1853 alterutram
1081 1788 1316 1855 sententiarum

126 1888 266 1967 illarum,
290 1909 372 1972 quas
397 1888 541 1976 Blassius
560 1888 796 1955 Kirchholfium
820 1896 951 1957 secutus
974 1896 1007 1956 et
1025 1891 1142 1957 Foxius
1166 1891 1317 1957 adhunc

126 1994 233 2058 locum
256 1991 536 2077 interpretandum
558 1996 825 2077 proposuerunt?
847 1996 934 2074 Quas
950 1994 1183 2079 explicationes
1202 1996 1227 2059 si
1245 1996 1317 2078 quis

127 2097 312 2162 accuratius
341 2096 529 2181 inspexerit,
560 2097 628 2161 sine
652 2096 751 2162 dubio
793 2098 1026 2183 improbabiles
1054 2120 1110 2166 eas
1139 2099 1315 2182 intelleget.

129 2203 278 2267 Attamen
293 2203 482 2285 priusquam
500 2200 680 2266 defensoris
695 2201 796 2267 verba
812 2203 845 2265 in
859 2222 958 2267 causa
969 2201 1057 2268 dicta
1070 2224 1141 2267 esse
1152 2223 1317 2286 negemus,

132 2326 189 2369 uos
211 2306 310 2370 etiam
331 2304 391 2370 has
415 2306 619 2371 coniecturas
642 2306 821 2371 examinari
846 2310 984 2389 oportet.

212 2408 259 2473 Ac
280 2409 420 2495 primum
438 2406 657 2473 Kirchhoffius
680 2414 713 2473 et
728 2408 874 2474 Blassius
896 2410 978 2473 miro
1001 2430 1111 2475 errore
1135 2410 1223 2495 eapti
1240 2417 1316 2475 sunt

127 2512 279 2578 arbitrati
308 2513 412 2597 legem
441 2511 546 2592 illam,
575 2532 673 2596 quam
705 2511 940 2577 Demosthenes
971 2513 1104 2578 recitari
1134 2512 1242 2593 iubet,
1276 2534 1316 2578 ne

125 2614 260 2683 eandem
280 2617 410 2701 quidem
436 2637 515 2696 esse,
540 2636 623 2700 quae
647 2614 689 2681 ab
705 2615 865 2681 Aeschine
888 2616 921 2680 in
944 2618 980 2702 ἐξ
997 2622 1123 2683 35-48
1145 2622 1314 2697 tractetur,

126 2722 349 2807 exceptionem
363 2727 470 2787 autam
488 2719 576 2807 πλὴν
592 2720 650 2787 suu
665 2743 757 2800 τινας
769 2711 787 2788 ὁ
800 2724 904 2807 δῆμος
922 2716 942 2805 ἢ
957 2712 978 2807 ἡ
992 2718 1100 2807 βουλὴ
1115 2723 1316 2807 ψηφίσηται·

125 2823 268 2906 τούτους
297 2822 325 2894 δ’
358 2822 590 2912 ἀναγορευέτω
618 2845 689 2888 cunr
713 2824 907 2904 vetustiore,
939 2844 1001 2889 nou
1026 2845 1097 2889 cum
1121 2824 1317 2909 Dionysiaca

125 2929 196 3013 lege
225 2928 481 3012 coniungendam
506 2950 585 2993 esse.
629 2924 852 2993 Kirohhoffius
862 2926 887 3009 1)
912 2927 996 3005 anim
1022 2948 1062 2991 ex
1088 2926 1315 2993 Demosthenis

125 3034 161 3118 ἓξ
188 3038 247 3099 120
278 3038 310 3097 et
335 3038 390 3099 121
418 3032 545 3098 elucere
569 3031 660 3111 dicit,
694 3029 789 3111 „dass
814 3030 989 3095 Aeschines
1011 3030 1044 3095 in
1067 3030 1174 3095 seiner
1195 3028 1314 3113 Klage·

125 3136 241 3201 schrift
264 3138 351 3201 seine
376 3133 592 3219 Behauptuug
615 3133 717 3198 durch
742 3134 813 3199 eine
843 3135 965 3217 einzige
989 3133 1237 3199 Gesetzesstelle
1260 3154 1315 3217 ge·

125 3245 234 3319 stiitzt
257 3239 355 3305 debei
378 3239 459 3305 aber
478 3238 580 3304 durch
604 3237 817 3303 absiohtliche
840 3237 919 3302 oder
941 3237 1198 3303 uuabsichtliche
1218 3236 1313 3320 Wag-

125 3344 257 3427 lassung
280 3344 369 3409 eines
393 3343 467 3409 sehr
491 3341 716 3407 wesenthchen
742 3340 860 3405 Passus
882 3340 1062 3421 desselben,
1091 3340 1231 3406 ntimlich
1255 3340 1314 3405 der

126 3448 237 3511 Worte
259 3445 347 3533 πλὴν
370 3455 436 3515 κτλ.
459 3447 511 3511 die
534 3445 639 3512 Sache
656 3444 752 3527 v'dllig
775 3444 834 3509 aul
855 3444 917 3509 den
933 3445 1022 3529 liopl
1041 3444 1171 3528 gestellt
1192 3443 1313 3509 hatte“.

125 3550 192 3615 Nec
214 3572 291 3615 vero
315 3550 428 3616 mirum
454 3571 523 3616 esse
539 3549 729 3614 Aeschinem
754 3548 786 3611 in
808 3547 919 3613 libello
942 3570 1039 3613 unam
1060 3554 1187 3613 tantum
1207 3547 1311 3629 legem

124 3655 272 3719 attulisse
288 3653 540 3719 Baerwinkelius
551 3654 577 3736 2)
594 3652 676 3717 hene
692 3651 903 3717 demonstrat.
952 3655 1100 3736 Apparet
1122 3651 1206 3716 enim
1222 3656 1312 3715 acto·

124 3779 192 3823 rem
208 3780 273 3823 una
288 3758 345 3822 illa
360 3758 468 3842 priore
484 3757 555 3841 lege
574 3758 678 3821 nisum
698 3756 802 3840 legem
815 3754 1042 3840 Dionysiaoam
1061 3756 1092 3819 in
1116 3755 1226 3820 libello
1248 3776 1311 3819 non

123 3862 274 3927 videlicet
295 3856 491 3927 adhibuisse.
537 3863 584 3925 Ao
606 3882 647 3926 ne
668 3862 701 3925 in
722 3861 843 3926 iudicio
866 3860 996 3943 quidem
1020 3880 1089 3923 eam
1113 3858 1313 3943 protulisset,

123 3966 185 4029 nisi
214 3964 448 4029 ostendendum
478 3965 593 4029 luisset
616 3963 750 4029 eandem
775 3960 876 4033 οὐδὲν
900 3964 1145 4030 ἐπικοινωνοῦν
1167 3970 1213 4052 τῷ
1235 3963 1312 4047 περὶ

122 4077 193 4136 τῶν
222 4067 289 4137 ὑπὸ
320 4077 381 4135 τοῦ
410 4068 520 4155 δῆμον
548 4069 832 4159 στεφανουμένων
860 4066 953 4157 νόμῳ
982 4067 1094 4149 itaque
1117 4064 1312 4129 adversariis

123 4174 155 4236 in
178 4170 364 4236 defensioue
388 4192 426 4235 ea
449 4173 496 4237 uti
519 4183 582 4236 non
604 4170 711 4236 licere.
758 4172 825 4235 Nee
847 4191 923 4235 vero
946 4169 1110 4234 simulavit
1125 4166 1310 4246 Aeschines,

210 4414 434 4484 Dhcpffl

208 4503 236 4572 a)
254 4502 287 4555 L.
308 4519 331 4554 u.
350 4519 377 4570 p.
396 4502 438 4553 66.
