3242 5259
158 766 290 846 taleret.
345 767 465 846 Eodem
498 766 592 847 inodo
626 778 881 869 Guttmannusl)
913 773 1162 851 Demosthenem
1197 786 1277 852 dicit
1307 783 1349 852 ad

158 886 321 968 copiosam
345 892 378 949 et
400 885 480 949 satis
503 880 655 951 subtilem
670 888 839 953 Aeschinis
870 888 1131 955 dissertationem
1154 896 1223 955 tam
1241 912 1349 975 pauca

158 1008 261 1072 esque
282 988 404 1054 futtilia
427 989 633 1073 respondere,
657 1011 728 1057 cum
753 998 786 1057 et
800 993 892 1077 prior
905 992 958 1058 lex
974 999 1008 1057 et
1021 993 1218 1079 Dionysiaca
1233 994 1348 1060 adver·

157 1094 243 1157 sario
266 1092 384 1159 faveat.
430 1098 477 1159 Ac
500 1115 539 1159 ne
554 1093 846 1181 Baerwinkelius2)
870 1096 1000 1181 quidem
1024 1096 1120 1161 aliter
1142 1099 1242 1163 sentit
1255 1104 1348 1164 ratus

157 1196 416 1278 Demosthenem,
446 1198 473 1263 si
504 1199 674 1283 potuisset,
703 1200 772 1266 sine
799 1200 899 1266 dubio
921 1220 1152 1285 responsurum
1176 1201 1276 1267 fuisse
1299 1202 1347 1268 uti

156 1300 233 1365 alibi
262 1301 360 1367 etiam
383 1302 437 1367 hic
458 1303 656 1385 gravissimis
679 1303 862 1369 rationibus
886 1304 1137 1388 sententiisqu03
1164 1306 1250 1388 quod
1273 1326 1346 1371 cum

155 1419 219 1467 non
236 1403 359 1485 fecerit,
379 1412 493 1489 patere
510 1428 581 1471 eum
598 1426 660 1471 non
676 1406 840 1487 habuisse,
864 1428 948 1491 quae
963 1408 1185 1492 responderet.
1223 1409 1346 1473 Horum

151 1513 263 1573 autem
287 1509 428 1575 virorum
452 1511 645 1576 sententiam
668 1532 727 1576 nos
750 1532 880 1595 quoque
903 1512 1111 1596 amplexuros
1128 1534 1200 1577 esse
1216 1514 1345 1579 minime

155 1611 358 1683 crediderim.
404 1614 563 1680 Defensor
593 1616 676 1681 enim
700 1614 921 1700 Ctesiphontis
950 1637 1069 1681 causae
1091 1616 1218 1682 diffisus
1240 1638 1345 1682 noune

153 1717 226 1801 ipsa
247 1719 374 1784 ratione
390 1726 557 1803 permotus
573 1720 644 1800 erit,
668 1725 705 1785 ut
720 1740 788 1785 rem
804 1718 954 1803 pluribus
970 1718 1078 1785 verbis
1093 1727 1223 1802 tractet,
1246 1743 1343 1805 quam

153 1842 238 1904 quae
268 1822 366 1887 hodie
393 1824 552 1907 legimus?
597 1824 695 1890 Cuius
727 1823 859 1907 quidem
888 1824 1029 1889 maxime
1058 1824 1217 1890 intererat
1243 1825 1344 1891 Ctesi·

152 1924 308 2011 phontem
342 1926 451 1994 laesae
481 1927 563 2012 legis
599 1928 732 1993 absolvi.
776 1926 846 1991 Nec
879 1948 955 1992 vero
987 1927 1058 1992 fieri
1092 1927 1127 1991 id
1154 1930 1281 2012 potuit,
1316 1930 1344 1994 si

153 2035 266 2097 orator
287 2030 428 2098 levitatis
450 2032 610 2099 latebram
635 2031 792 2098 adhibens
816 2050 887 2097 sese
910 2031 1015 2116 ipsum
1038 2030 1078 2096 de
1101 2030 1208 2115 legum
1232 2038 1344 2116 patro·

153 2134 237 2199 cinio
267 2134 441 2221 desperare
473 2136 639 2202 concessit.
691 2136 798 2201 Etiam
831 2133 1121 2216 Baerwinkelius3)
1151 2136 1252 2201 enim:
1283 2139 1344 2214 ¹‚At

153 2258 217 2302 non
247 2237 389 2320 debuit“‚
421 2240 536 2324 inquit,
565 2246 652 2321 „tam
682 2240 774 2324 parvi
798 2239 973 2330 aestimare
995 2244 1128 2322 tamque
1150 2240 1264 2322 paucis
1285 2240 1342 2304 ab·

152 2340 276 2407 solvere
312 2342 362 2422 id,
397 2344 431 2408 in
470 2363 534 2427 quo
566 2350 659 2409 actor
687 2348 815 2408 tantum
842 2347 1040 2407 momentum
1071 2347 1244 2426 posuerat,
1281 2343 1343 2407 nisi

153 2446 368 2529 suspicionem
393 2465 521 2513 movere
545 2445 676 2513 volebat
695 2468 766 2512 sese
780 2447 887 2529 ipsum
906 2466 1024 2511 causae
1039 2466 1154 2529 parum
1170 2446 1343 2512 confidere.

151 2548 255 2626 Quam
283 2551 498 2635 suspicionem
527 2550 605 2616 mihi
629 2550 759 2634 quidem
783 2556 905 2614 motam
929 2555 962 2615 et
984 2549 1080 2628 omni,
1110 2570 1175 2633 qua
1196 2550 1250 2616 hic
1264 2571 1343 2615 usus

151 2657 216 2732 est,
247 2652 376 2720 dicendi
406 2656 533 2721 ratione
563 2654 657 2720 valde
682 2660 811 2721 auctam
836 2674 908 2719 esse
930 2651 1103 2733 confiteor,
1134 2654 1167 2717 in
1191 2675 1257 2737 qua
1277 2665 1342 2719 non

149 2761 217 2821 tam
234 2756 448 2843 neglegentia,
469 2780 565 2843 quam
583 2758 760 2844 trepidatio
777 2757 939 2841 quaedam
954 2779 994 2823 ac
1009 2758 1160 2843 princeps
1176 2756 1342 2822 festinatio

151 2861 292 2928 eminere
310 2863 387 2927 mihi
410 2861 567 2927 videtur“.
597 2862 780 2929 Verissime.
812 2860 876 2927 Sed
892 2882 957 2945 qua
977 2862 1017 2927 de
1040 2883 1141 2927 causa
1160 2861 1209 2926 vir
1226 2861 1341 2927 doctus

149 2970 265 3048 postea
287 2966 327 3031 de
351 2988 390 3031 ea
412 2966 573 3033 sententia
596 2972 709 3050 aperte
733 2965 884 3031 decedit?
912 2965 977 3030 Cur
999 2965 1154 3031 traditam
1169 2964 1341 3031 lectionem

149 3089 214 3133 non
240 3069 336 3135 modo
357 3092 422 3137 non
450 3070 484 3135 in
512 3068 643 3135 dubium
676 3075 779 3150 vocat,
812 3069 870 3135 sed
898 3070 995 3133 etiam
1019 3069 1269 3134 Demosthenem
1299 3068 1340 3132 de

149 3165 212 3237 huo
242 3175 433 3257 quaestione
462 3195 527 3240 non
558 3173 654 3239 aliter
686 3172 806 3237 dixisse
837 3193 876 3237 ac
911 3173 1079 3256 scripsisse
1109 3172 1338 3256 asseverat⁴)?

149 3275 224 3342 Mea
246 3277 376 3361 quidem
400 3277 562 3343 sententia
583 3275 663 3341 nihil
686 3275 835 3360 impedit,
866 3276 1037 3359 quominus
1060 3281 1244 3341 statuamus
1267 3296 1340 3340 ora-

149 3387 262 3461 torem,
294 3382 457 3448 conscium
481 3381 674 3448 Aeschinem
703 3379 765 3444 hoc
793 3379 866 3444 loco
895 3379 1095 3462 superiorem
1121 3399 1201 3458 esse,
1231 3384 1340 3443 tamen

148 3486 281 3552 summis
310 3486 433 3553 viribus
461 3483 682 3569 Ctesiphontis
713 3504 844 3549 causam
872 3482 1065 3549 defendisse.
1110 3482 1224 3565 Neque
1254 3483 1338 3546 enim

147 3590 296 3672 ignarum
329 3610 403 3655 eum
432 3589 533 3655 fuisse
562 3596 624 3657 rod
650 3587 710 3657 τὸν
739 3584 826 3675 ἥττω
849 3583 952 3674 λόγον
971 3591 1110 3672 κρείττω
1133 3595 1244 3654 ποιεῖν
1266 3606 1337 3650 cum

148 3715 188 3758 ex
211 3693 283 3759 aliis
307 3693 510 3759 orationibus
533 3692 791 3761 Demosthenieis
821 3696 889 3756 tum
920 3712 937 3755 e
961 3690 1212 3775 Ctesiphonteae
1242 3710 1338 3773 para-

148 3798 281 3883 graphis
307 3803 475 3865 111-119
496 3796 685 3881 intellegere
708 3816 888 3880 possumus.
934 3794 1059 3874 Quibus
1073 3794 1106 3857 in
1122 3792 1338 3877 paragraphis

147 3908 259 3967 orator
282 3902 449 3967 Aeschinis
478 3901 790 3985 argumentationem
823 3920 863 3963 ex
890 3898 1040 3983 cuthynis
1063 3897 1194 3962 ductam
1220 3895 1337 3961 callide

147 4026 167 4070 a
201 4026 235 4070 se
265 4011 412 4070 avertere
442 4005 526 4083 vult,
557 4003 724 4070 affirmans
753 4024 817 4068 non
841 4003 882 4067 ob
906 4022 1040 4067 munera
1063 4008 1096 4065 et
1117 4000 1337 4065 theoricorum

236 4264 461 4334 Dhepm

233 4351 464 4421 Dhcpffi

233 4438 464 4507 Dhapffi

232 4524 463 4596 Dhcpffl
