3242 5259
736 562 953 636 ...θμ-

335 734 404 834 §b
451 730 497 811 dc
526 728 607 810 satis
639 743 718 808 mihi
744 744 847 809 multa
876 745 976 810 verba
1004 727 1123 810 fecisse*
1140 727 1251 810 videor
1273 746 1313 809 de
1337 726 1441 830 expli-

249 844 432 916 cationibus
469 850 610 913 virorum
644 848 788 927 illorum,
827 850 883 931 qui
913 848 1162 914 Demosthenem
1193 851 1367 933 opinantur
1398 848 1440 913 de

247 954 415 1021 Sirenibus
444 954 585 1018 tacuisse
614 952 711 1017 nullis
743 953 841 1017 certis
870 952 1053 1030 decausis,
1084 953 1140 1017 sed
1164 960 1221 1018 aut
1241 954 1319 1036 quia
1342 954 1442 1017 anxia

247 1080 310 1123 non
343 1079 439 1135 eura,
470 1063 527 1121 aut
556 1056 633 1139 quia
661 1057 694 1119 in
722 1056 934 1120 retractanda
964 1057 1195 1140 Ctesiphontea
1232 1057 1304 1121 aliis
1343 1076 1439 1121 occu-

247 1161 433 1247 pationibus
450 1160 610 1225 distentus
621 1158 751 1224 fuisset.
789 1160 914 1236 Restat,
930 1166 967 1224 ut
981 1162 1171 1245 priusquam
1189 1160 1336 1225 Sirenum
1353 1180 1441 1237 com<

247 1268 448 1350 parationem
467 1262 610 1328 edendae
626 1261 804 1328 defensioni
817 1265 972 1329 insertam
986 1264 1027 1329 ab
1046 1265 1180 1330 alterius
1191 1285 1288 1328 manu
1301 1266 1439 1329 eiectam

248 1390 319 1434 esse
350 1375 549 1445 statuamuS,
579 1366 676 1431 aliam
700 1369 894 1433 sententiam
916 1371 1030 1452 paucis
1052 1368 1159 1433 adbuc
1182 1373 1341 1432 attactam
1364 1388 1441 1431 exa-

249 1474 416 1551 minemus,
447 1492 518 1537 eam
541 1470 623 1549 dico,
647 1491 744 1553 quam
767 1472 975 1555 protulerunt
996 1472 1240 1537 Caemmererus
1261 1478 1293 1536 et
1316 1471 1441 1536 Rabius

250 1576 403 1641 arbitrati
418 1573 668 1641 Demosthenem
689 1574 789 1639 verba
813 1574 853 1639 de
868 1575 1035 1641 Sirenibus
1057 1575 1147 1641 faeta
1162 1575 1309 1641 consulto
1325 1580 1442 1659 postea

249 1680 478 1764 suppressisse.
807 1760 809 1765 Δ

337 1782 580 1847 anmmererus
593 1782 619 1868 1)
647 1783 729 1847 enim
763 1782 967 1848 defensorem
998 1782 1100 1849 rerba
1120 1782 1177 1848 illa
1199 1784 1231 1847 in
1254 1788 1442 1847 contextum

250 1909 313 1952 non
336 1888 497 1971 recepisse
521 1890 629 1970 putat,
649 1885 735 1967 quod
758 1885 798 1950 de
822 1887 1002 1951 adversarii
1022 1888 1053 1951 vi
1069 1886 1197 1951 dicendi
1212 1886 1307 1951 nimis
1324 1886 1442 1950 acerbe

252 1992 372 2056 dixisse
402 1990 464 2055 sibi
495 1992 581 2055 visus
612 1995 644 2054 et
672 1991 794 2055 veritus
824 1997 927 2068 esset,
957 2011 997 2054 ne
1019 1990 1079 2055 tali
1102 1989 1198 2055 modo
1221 1990 1439 2073 eloquentiam

252 2094 420 2161 Aeschinis
443 2094 630 2177 vituperans
649 2095 754 2176 ipsam
772 2094 990 2177 eloquentiam
1007 2095 1101 2177 quasi
1119 2093 1306 2158 offenderet.
1351 2093 1443 2157 Haec

252 2204 360 2263 autem
384 2198 570 2261 coniectura
592 2218 690 2280 quam
711 2197 846 2262 infirmis
869 2199 994 2263 nitatur
1017 2197 1245 2274 fundamentis,
1266 2216 1359 2261 nemo
1377 2217 1441 2261 non

252 2301 346 2366 videt.
391 2301 474 2365 Nam
496 2301 636 2384 primum
660 2300 894 2367 Demosthenes
917 2302 950 2365 in
973 2322 1073 2365 causa
1095 2303 1168 2384 ipsa
1183 2301 1331 2365 Sirenum
1354 2320 1441 2364 eom·

252 2405 456 2489 parationem
489 2402 579 2467 nulla
615 2404 809 2488 interposita
846 2403 1050 2470 dubitatione
1087 2404 1292 2469 adhibuerat.
1341 2404 1442 2467 Estne

252 2510 352 2591 igitur
373 2506 545 2572 verisimile
570 2528 643 2572 eum
665 2508 772 2572 verbis
794 2508 868 2585 illie,
890 2509 923 2573 in
946 2508 1063 2591 quibus
1086 2507 1189 2573 multa
1204 2507 1295 2572 milia
1310 2508 1442 2573 audien·

253 2612 333 2678 tium
363 2632 427 2675 non
449 2609 665 2690 offenderant,
697 2611 870 2676 scribenda
891 2612 924 2675 in
947 2614 1094 2678 oratione
1115 2612 1164 2676 uti
1186 2612 1324 2677 veritum
1347 2613 1443 2677 esse?

253 2714 377 2780 Deinde
413 2720 522 2780 autem
554 2736 630 2780 num
665 2715 900 2780 Demosthenes
933 2716 961 2780 is
995 2718 1124 2781 omnino
1158 2721 1247 2793 erat,
1282 2718 1332 2780 cui
1366 2716 1442 2781 talis

254 2819 455 2901 comparatio
484 2818 579 2883 nimis
611 2817 731 2883 acerba
760 2820 833 2883 visa
864 2820 973 2885 esset?
1017 2820 1118 2884 Immo
1149 2839 1224 2883 vero
1255 2820 1287 2883 in
1308 2820 1380 2904 ipsa
1402 2818 1443 2882 de

254 2942 374 2986 corona
396 2922 543 2987 oratione
566 2922 737 3001 permultis
761 2922 868 2987 verbis
891 2924 996 2988 utitur
1018 2928 1087 2987 tam
1110 2922 1253 3000 acerbis,
1285 2929 1322 2986 ut
1344 2924 1443 2987 etiam

168 3032 170 3039 ⁴
253 3025 399 3090 Blassius
410 3024 437 3108 2)
456 3024 566 3089 facere
582 3045 646 3090 non
661 3027 774 3109 possit,
798 3028 875 3109 quin
891 3025 969 3104 „das
984 3026 1181 3092 Uebermass
1198 3046 1239 3089 an
1255 3025 1444 3107 geh‘assiger

253 3128 477 3214 persdnlicher
491 3129 718 3212 Schm'abung“
740 3131 905 3213 vituperet
920 3135 1019 3214 atque
1035 3129 1177 3195 affirmet
1192 3128 1443 3194 Demosthenem

255 3234 375 3298 rectius
397 3231 561 3297 facturum
583 3230 693 3311 fuisse,
715 3234 742 3297 si
764 3233 845 3297 nibil
868 3232 1062 3316 adignitate
1078 3234 1291 3299 discessisset.
1330 3234 1444 3315 Neque

255 3338 340 3401 enim
367 3334 502 3401 dubium
525 3343 584 3415 est,
614 3338 692 3419 quin
715 3336 867 3401 defensor
888 3376 932 3387 -
953 3337 1065 3401 eodem
1088 3338 1193 3415 modo,
1219 3358 1283 3421 quo
1306 3337 1445 3419 exempli

256 3461 356 3505 causa
377 3439 470 3504 Plato
500 3440 533 3503 iu
565 3438 719 3523 sophistis
752 3441 963 3505 aestimandis
984 3480 1027 3491 -
1046 3441 1225 3506 adversarii
1247 3442 1327 3505 vitia
1350 3441 1445 3504 nimis

256 3544 357 3625 nigris
390 3541 552 3607 coloribus
584 3543 727 3626 pinxerit
755 3550 788 3608 et
820 3544 968 3608 omnibus
999 3543 1068 3609 fere
1094 3545 1177 3610 'locis
1206 3544 1247 3608 de
1279 3542 1445 3608 Aeschinis

204 3724 207 3733 Ι
256 3646 401 3711 moribus
430 3667 528 3729 quam
559 3646 839 3712 vehementissime
866 3649 1088 3731 acerrimeque
1108 3648 1310 3713 iudicaverit.
1355 3646 1445 3725 Quae

258 3771 330 3814 cum
370 3751 419 3815 ita
449 3755 572 3827 essent,
611 3751 759 3815 Sirenum
789 3752 992 3835 comparatio
1016 3773 1121 3834 neque
1151 3750 1358 3815 audientibus
1386 3770 1446 3813 nec

256 3853 439 3937 legentibus
461 3852 580 3917 nedum
603 3854 813 3918 Demostheni
835 3856 898 3937 ipsi
921 3861 997 3920 ante
1013 3861 1123 3920 cetera
1138 3852 1333 3918 defensionis
1349 3874 1446 3935 argu·

258 3963 368 4021 menta
390 3956 556 4022 offensioni
580 3978 650 4021 esse
671 3959 788 4040 potuit.
832 3958 964 4022 Minime
983 3963 1093 4022 autem
1107 3957 1292 4021 faciendum
1308 3962 1358 4020 est
1373 3978 1446 4020 cum

258 4062 483 4125 Caernmererc
523 4059 684 4125 arbitrato
718 4059 921 4125 defensorem
954 4062 1012 4125 tali
1046 4062 1087 4124 de
1120 4082 1219 4125 causa
1252 4060 1353 4125 verba
1390 4058 1447 4124 illa

177 4242 181 4249 ,
259 4166 406 4229 consulto
427 4164 583 4228 omisisse.

347 4406 571 4475 Dbepffl

347 4496 373 4561 9)
391 4493 452 4547 Ast.
472 4492 536 4545 Ber.
555 4490 605 4544 III
625 4493 656 4545 1²
674 4510 701 4561 p.
719 4493 779 4546 435.
