3242 5259
790 518 1004 580 ..22-

304 686 444 771 quodam
477 709 516 751 ex
546 687 673 752 duabus
700 686 904 752 orationibus
927 686 1099 751 conflatam
1123 708 1208 765 esse,
1239 688 1379 771 repertis
1408 688 1496 753 inter
1604 763 1605 774 χ

304 792 412 856 scidas
435 790 618 856 hereditate
642 790 781 855 relictas.
817 790 961 857 Alteram
977 789 1178 875 Olympiadis
1193 791 1263 857 cxl
1286 812 1372 856 anno
1388 792 1495 875 primo
1604 779 1605 786 ί

305 894 520 960 νο]ὀοαοο(1ο
543 894 758 979 conscriptam
780 915 820 959 ex
843 894 880 979 ᾗῇ
897 898 925 974 3,
949 900 978 974 4,
1002 900 1034 973 ὃ,
1056 900 1096 960 53
1113 899 1194 960 extr.
1209 872 1312 961 -2121
1333 901 1495 975 constare,

305 998 466 1063 nonnullis
489 997 706 1083 paragraphis
722 998 876 1083 exceptis,
899 998 1017 1081 quibus
1035 998 1077 1064 ad
1094 998 1262 1064 Aeschinis
1276 1000 1495 1065 accusationis

303 1103 392 1167 locos
431 1101 588 1185 quosdam
627 1100 873 1185 respondeatur,
910 1102 1063 1180 alteram·
1085 1108 1160 1186 post
1189 1102 1344 1168 iudicium
1372 1102 1495 1170 litteris

305 1204 491 1271 mandatam
509 1204 782 1289 paragraphos‘l,
806 1211 835 1285 2,
859 1212 952 1286 5-7,
975 1207 1495 1293 10-52,122-’32400mpleeti.

305 1309 398 1373 Hanc
427 1315 554 1393 partem
578 1309 736 1374 orationis
756 1309 884 1374 vocavit
909 1310 981 1390 „die
998 1310 1421 1396 jungere-Ausarbeitung“
1444 1313 1495 1377 vel
1604 1343 1605 1374 ι

301 1412 376 1493 ,die
404 1411 644 1493 ¹Niederschrift
673 1412 731 1478 der
765 1434 823 1479 vur
853 1413 988 1479 Gericht
1018 1412 1211 1497 gehaltenen
1243 1414 1361 1496 Rede“,
1403 1416 1495 1482 illam

304 1518 459 1601 scriptam
477 1518 558 1582 'ante
582 1516 665 1582 diem
694 1516 806 1582 iudicii
834 1517 912 1597 „das
936 1517 1100 1601 Kunmpt‘
1132 1518 1181 1584 vel
1211 1517 1294 1598 „den
1317 1526 1494 1604 urspriing·

303 1620 418 1703 lichen¹
433 1618 607 1703 Entwurl‘.
648 1620 707 1687 Cui
730 1622 856 1705 primae
879 1621 1059 1687 recensioni
1081 1622 1113 1686 in
1137 1643 1237 1688 causa
1259 1644 1323 1687 non
1345 1624 1495 1707 prolatae

304 1725 529 1809 paragraphus
563 1746 693 1809 quoque
726 1730 787 1791 120
810 1731 843 1790 et
869 1730 924 1791 121
959 1725 1111 1791 attribuit
1130 1727 1242 1809 itaque
1261 1726 1350 1810 apud
1370 1712 1495 1795 iudices

304 1849 367 1893 non
400 1828 690 1907 aDemosthene,.
704 1828 762 1893 sed
790 1850 811 1894 a
831 1829 1043 1914 ¹Ctesiphonte
1067 1829 1106 1895 de
1129 1829 1256 1913 legibus
1279 1829 1401 1897 dictum
1424 1853 1495 1897 esse

304 1931 455 1997 affirmat.
490 1936 573 1997 Ante
588 1930 825 2017 Kirchhoffium
849 1939 957 1998 autern
982 1934 1078 1999 etiam
1097 1932 1390 2002 Rauchensteinius
1403 1936 1427 2019 ¹)
1450 1935 1494 2001 ad

304 2036 523 2121 Ctesiphontis
546 2036 784 2101 oratiunculam
809 2036 1001 2121 confugerat
1031 2043 1064 2103 et
1094 2058 1186 2103 reum
1216 2038 1321 2121 ipsum
1344 2038 1385 2103 de
1413 2039 1495 2106 iuris
1604 2021 1605 2094 Ῠ

279 2206 280 2211 ,
305 2140 495 2224 quaestione
516 2140 648 2225 litisque
671 2140 828 2206 dilatione
850 2140 1035 2225 disputasse
1056 2140 1198 2226 probare
1215 2140 1394 2207 studuerat.
1432 2144 1495 2223 Qui

305 2245 353 2308 vir
385 2243 589 2310 doctissimus
617 2244 859 2329 paragraphus,
889 2265 971 2328 quas
994 2250 1188 2325 tractamus,
1219 2245 1408 2312 indubium
1431 2269 1496 2313 non

304 2353 417 2428 vocat,
462 2353 624 2413 oratorem
660 2368 736 2412 vero
766 2347 1008 2432 Ctesiphontem
1040 2348 1136 2414 huius
1165 2350 1270 2433 partis
1299 2349 1495 2416 defensionis

306 2454 427 2518 socium
445 2452 598 2518 habuisse
614 2452 775 2536 opinatur.
806 2452 904 2517 Cuius
924 2451 1008 2516 enim
1028 2452 1132 2537 magis
1152 2474 1248 2536 quam
1268 2454 1496 2521 Demosthenis

301 2556 404 2646 ¹fuisse
436 2556 475 2621 dc
502 2555 552 2620 his
584 2555 682 2621 rebus
713 2554 838 2636 dicere,
869 2556 947 2639 quia
977 2555 1018 2620 ad
1049 2555 1139 2621 illum
1170 2558 1279 2641 potius
1300 2559 1497 2642 pertinuerit

304 2660 482 2751 disputatio
508 2659 548 2724 de
570 2659 696 2743 legibus
720 2664 752 2724 et
776 2680 889 2724 earum
911 2681 1019 2724 rerum
1038 2661 1258 2745 reprehensio,
1289 2662 1406 2752 quihus
1429 2662 1495 2728 for·

303 2771 390 2830 tasse
414 2763 588 2830 Aeschines
614 2763 648 2827 in
679 2764 805 2828 actione
836 2763 878 2827 ad
907 2762 1048 2828 iudicem
1079 2764 1255 2829 deferenda
1280 2773 1313 2830 et
1338 2766 1372 2829 in
1395 2787 1496 2832 cansa

303 2870 493 2953 priusquam
522 2873 733 2954 perureretur
768 2866 896 2951 agenda
929 2866 1199 2951 vituperationem
1240 2871 1495 2941 commeruisset.

304 2975 351 3037 Ac
373 2993 450 3037 sane
473 2972 603 3055 quidem
620 2960 772 3055 Ctesipho
795 2992 886 3036 suam
911 2973 1092 3037 orationem
1110 2972 1378 3038 Demosthenicae
1400 2995 1493 3059 prae·

304 3077 407 3155 misit,
439 3076 471 3142 id
504 3075 591 3159 quod
614 3097 654 3141 ex
682 3076 753 3145 iure
776 3075 885 3140 Attico
916 3074 987 3139 fieri
1018 3075 1160 3141 debebat
1187 3076 1339 3160 quodque
1368 3078 1400 3141 in
1432 3077 1496 3143 hac

306 3202 405 3245 causa
433 3156 555 3244 factum
585 3200 655 3243 esse
685 3184 718 3243 et
746 3202 785 3245 ex
816 3179 888 3243 allis
917 3178 1086 3243 Aeschinis
1116 3180 1271 3244 orationis
1304 3179 1384 3245 locis
1414 3187 1448 3246 et
1476 3204 1496 3247 e

303 3288 321 3371 ἓ
351 3290 409 3350 201
445 3304 638 3367 cognoscere
666 3304 856 3366 possumus,
890 3281 946 3347 ubi
977 3282 1327 3367 scriptnm'videmus:
1360 3285 1496 3353 ἐπειδὰν
1601 3301 1602 3306 ’

304 3385 484 3473 προελθὼν
512 3388 675 3454 ἐνταυθοῖ
704 3394 891 3474 Κτησιφῶν
920 3387 1072 3473 uertitur}
1101 3385 1184 3471 πρὸς
1213 3384 1300 3474 ὑμᾶς
1328 3398 1430 3456 τοῦτο
1453 3388 1497 3475 δὴ
1601 3385 1602 3392 ¹

305 3491 343 3559 τὸ
374 3490 640 3576 συντεταγμένον
671 3486 763 3579 αὐτῷ
791 3494 980 3576 προοίμιον,
1017 3486 1112 3556 ἔπειτ’
1146 3491 1338 3579 ἐνδιατρίβῃ
1367 3494 1423 3559 καὶ
1452 3490 1498 3578 μὴ

305 3591 528 3680 ἀπολογῆται,
562 3590 763 3681 ὑπομνήσατ’
798 3589 904 3661 αὐτὸν
934 3592 1115 3679 α’θορύβως
1146 3589 1183 3662 τὸ
1207 3598 1360 3662 σανίδιον
1382 3600 1496 3681 λαβεῖν
1600 3661 1601 3688 ,

304 3700 360 3767 καὶ
388 3695 468 3777 τοὺς
497 3697 620 3784 νόμους
650 3706 697 3789 τῷ
727 3702 918 3784 ψηφίσματι
947 3706 1219 3783 παραναγνῶναι.
1264 3697 1357 3777 Quod
1387 3704 1495 3762 autem
1600 3757 1601 3768 ,

304 3801 596 3887 Rauchensteinius
623 3807 734 3865 censet
763 3799 1007 3883 Ctesiphontem
1045 3802 1078 3863 in
1107 3800 1312 3866 oratiuncula
1345 3799 1385 3865 de
1415 3800 1496 3866 iuris

305 3905 495 3989 quaestione
519 3905 622 3988 egisse
653 3905 790 3987 ideoque
820 3904 1069 3968 Demosthenem
1101 3903 1293 3969 deuotam
1326 3925 1433 3987 pauca
1464 3912 1498 3969 et

304 4008 426 4073 futtilia
442 4007 648 4092 respondere,
664 4008 746 4071 haec
760 4007 923 4071 sententia
939 4006 1017 4070 mihi
1034 4007 1298 4091 aprobahilitate
1310 4006 1496 4091 longissime

240 4154 244 4160 -
305 4112 420 4177 abessa
435 4112 571 4177 videtur.
605 4111 689 4177 Nam
706 4110 941 4176 Demosthenes
956 4112 989 4175 in
1009 4113 1027 4197 ἓ
1044 4118 1061 4177 5
1079 4116 1274 4195 exposuerat
1293 4132 1496 4178 communem

392 4355 416 4421 l)
440 4353 483 4407 De
508 4357 640 4423 tempore,
666 4373 720 4424 quo
739 4353 890 4408 Aeschinis
910 4359 939 4407 et
956 4352 1155 4407 Demosthenis
1173 4353 1312 4408 orationes
1331 4352 1497 4423 Ctesiphon·
1598 4423 1599 4440 ξ

305 4445 366 4495 teau
384 4440 494 4495 habitae
513 4440 575 4508 sint,
595 4458 622 4509 p.
643 4443 682 4494 12.
