3242 5259
652 493 780 579 ..217
827 552 868 563 -

163 673 196 748 in
220 672 256 769 ἓξ
282 684 448 751 roa-loe
473 706 578 769 neque
600 686 632 749 in
653 688 678 771 ξ.
693 690 755 751 312
778 686 820 751 ad
843 707 891 769 ea,
912 699 997 769 qnae
1014 677 1189 752 Aeschines
1211 679 1356 771 161222

164 788 318 853 mentitus
341 796 400 869 est,
421 787 627 874 respondere,
651 791 828 874 praecipue
851 795 960 856 autem
984 790 1242 855 criminationem
1267 789 1355 855 illius

164 910 228 975 non
260 891 409 957 refellere
447 891 642 959 affirmantis
676 892 879 959 defensorem
907 894 1049 978 ¹pecunia
1077 899 1264 978 corruptum
1292 891 1356 959 hac

163 992 235 1077 lege
275 996 446 1081 sexaginta
488 997 630 1081 quinque
670 1018 769 1062 naves
810 997 976 1063 actuarias
1020 998 1145 1062 civitati
1185 998 1354 1081 eripuisse.

163 1098 351 1183 Eodemque
373 1100 469 1164 modo
492 1100 609 1167 mirum
633 1099 784 1165 videatur
806 1118 881 1165 enm
904 1100 946 1165 ad
962 1100 1132 1166 Aeschinis
1146 1100 1298 1165 hostilem
1319 1102 1354 1164 in

163 1201 377 1267 Athenienses
406 1204 549 1268 animum
579 1203 865 1269 demonstrandum
893 1203 1179 1289 in§§132-137
1203 1204 1244 1269 de
1262 1206 1354 1273 Anti-

162 1304 293 1389 phoute,
315 1306 471 1392 Pythone,
495 1308 642 1372 Anaxino
661 1305 778 1386 dicere,
802 1307 897 1391 quasi
917 1306 1124 1373 adversarius
1140 1328 1196 1372 eos
1210 1308 1352 1373 nondum

162 1412 471 1489 commemoraverit,
504 1411 637 1477 tertium
666 1416 775 1476 autem
806 1410 869 1475 hoc
896 1412 1079 1495 exemplum
1108 1412 1223 1497 paucis
1244 1397 1353 1477 verbis

160 1510 348 1592 absolvere,
377 1535 450 1579 curn
479 1514 513 1579 id
539 1514 645 1599 ipsum
668 1513 701 1578 iu
723 1514 943 1580 accusationis
966 1515 1002 1600 ἐξ
1025 1519 1087 1579 223
1108 1520 1142 1580 61
1163 1519 1227 1581 224
1248 1516 1352 1581 insius

159 1620 338 1683 tractatum
360 1623 459 1701 atque
482 1638 522 1683 ea
543 1618 669 1683 ratione
691 1618 859 1702 repulsum
880 1615 932 1698 sit,
956 1622 993 1682 ut
1015 1624 1107 1684 actor
1122 1640 1183 1684 sua
1200 1640 1240 1684 ex
1255 1624 1350 1704 parte

161 1719 388 1786 Demosthenis
430 1743 502 1788 curn
536 1720 683 1787 Anaxino
724 1719 900 1807 hospitium
941 1720 1204 1787 calumniaretur.
1258 1722 1351 1802 erod

160 1829 269 1891 sutem
293 1825 412 1891 attinet
430 1824 472 1890 ad
489 1824 668 1891 defensoris
684 1825 726 1891 de
740 1820 883 1891 secundo
897 1824 1080 1921 auquudpp
1098 1826 1349 1911 responsionem,

159 1928 269 2013 priore
289 1930 323 1995 in
345 1934 443 2016 parte
463 1929 559 1995 huius
582 1929 823 1997 dissertationis
844 1929 924 1995 satis
946 1950 1108 2013 superque
1129 1928 1349 1995 intelleximus

160 2053 208 2113 ea,
237 2053 323 2117 quae
345 2033 378 2097 in
400 2033 436 2119 ἐξ
462 2038 524 2099 120
546 2039 580 2098 61
603 2037 661 2099 121
685 2034 809 2117 scripta
832 2030 987 2110 videmus,
1015 2031 1179 2099 iudicibus
1199 2032 1349 2099 sufficere

159 2157 231 2204 non·
264 2136 419 2220 potuisse.
474 2136 558 2217 Quid
600 2137 701 2220 ergo?
755 2136 888 2201 Dixitne
922 2136 1156 2201 Demosthenes
1188 2138 1349 2220 copiosius

158 2260 257 2323 quam
284 2239 437 2325 scripsit?
482 2238 678 2306 Reddiditne
702 2238 832 2323 quidem
853 2240 886 2304 in
910 2259 1010 2305 causa
1030 2260 1230 2324 responsum,
1261 2240 1349 2325 quod

159 2342 355 2426 quaerimus,
377 2344 411 2409 in
435 2342 593 2411 edendam
608 2334 686 2409 vero
701 2338 882 2419 orationem
898 2342 1107 2426 indiligenter
1121 2364 1185 2408 non
1200 2345 1348 2428 recepit?

158 2446 300 2513 Minime.
336 2447 421 2511 Nam
442 2468 507 2513 non
530 2446 627 2513 modo
642 2445 698 2512 alii
714 2446 774 2511 viri
791 2446 879 2511 docti
894 2445 1074 2512 defensoris
1089 2447 1348 2513 taciturnitatem

157 2548 220 2617 hac
242 2551 370 2619 ratione
384 2572 449 2617 non
465 2550 638 2636 explicant,
662 2550 719 2617 sed
734 2571 775 2616 ne
790 2548 995 2629 Schaeferns,
1018 2550 1172 2629 Blassius,
1194 2550 1348 2616 Reichius

158 2654 288 2739 quidem
315 2660 437 2739 negent
460 2653 607 2739 plurimis
628 2638 787 2720 eiusmodi
804 2652 885 2720 locis
898 2669 971 2719 ¹uon
993 2653 1259 2733 Demosthenem,
1289 2654 1347 2721 sed

158 2758 349 2825 Aeschinem
366 2758 468 2825 rerba
489 2757 578 2843 apud
597 2758 720 2824 iudices
735 2757 826 2823 facta
840 2761 983 2823 mutasse
998 2756 1071 2823 aliis
1086 2757 1184 2824 rebus
1200 2758 1348 2837 adiectis,

157 2861 231 2927 aliis
253 2862 439 2929 accuratius
461 2860 639 2929 elaboratis
652 2863 686 2947 1).
732 2861 950 2941 Quamobrem
972 2881 1036 2925 non
1059 2861 1197 2927 multum
1221 2883 1241 2926 a
1263 2863 1346 2929 veri-

157 2972 227 3031 tate
248 2965 484 3046 aberrabimus,
504 2966 531 3031 si
547 2963 696 3031 omnibus
712 2963 908 3030 defensionis
923 2963 1012 3043 locis,
1034 2963 1152 3048 quibus
1167 2964 1348 3031 adversarii

157 3074 350 3153 argumenta
377 3068 525 3135 consulto
556 3089 626 3134 esse
654 3068 803 3151 neglecta
836 3055 1009 3133 verisimile
1037 3088 1102 3133 uon
1131 3074 1197 3147 est,
1230 3068 1345 3134 Demo·

157 3171 304 3240 sthenem
327 3178 506 3239 statuemus
522 3170 691 3238 Aeschinis
713 3169 822 3251 rerba,
845 3170 965 3256 quippe
985 3192 1070 3255 quae
1085 3178 1201 3256 postea
1215 3172 1345 3240 demum

156 3278 296 3342 orationi
330 3277 497 3361 adscripta
532 3277 612 3356 sint,
645 3274 734 3359 apud
765 3275 923 3341 heliastas
956 3296 1021 3340 666
1051 3275 1222 3342 audivisse.
1274 3277 1346 3355 Qua

85 3434 93 3443 .
155 3382 343 3447 coniectura
376 3382 500 3446 reiecta
532 3378 612 3443 nihil
644 3377 875 3468 relinquitur,
892 3362 955 3443 bisi
983 3384 1021 3443 ut
1050 3398 1240 3444 censeamus
1270 3400 1343 3444 euin

156 3483 252 3550 aliter
281 3484 401 3550 dixisse
431 3487 464 3548 et
493 3482 661 3567 scripsisse
693 3487 792 3565 atque
815 3481 913 3547 hodie
934 3481 1079 3565 legimus.
1123 3482 1214 3552 Illius
1234 3488 1344 3547 autem

156 3588 383 3673 explicationis
406 3585 556 3671 exempla
574 3584 667 3670 posui
683 3585 900 3651 accusationis
914 3585 1140 3671 paragraphus
1156 3590 1344 3667 aaa-2243

155 3692 237 3757 haec
266 3690 449 3776 explicandi
481 3692 534 3755 via
556 3689 649 3755 nohis
670 3688 885 3773 ingredienda
906 3695 978 3755 erat
1001 3689 1043 3754 ad
1066 3688 1236 3755 diluendas
1259 3687 1343 3754 diffi-

153 3795 310 3874 cultates,
343 3816 425 3879 quas
457 3792 893 3879 praebentdefensionisffi
919 3797 1130 3858 12061121.
1175 3791 1342 3875 Nusquam

152 3898 254 3981 igitur
274 3898 316 3963 de
338 3897 566 3964 Demosthenis
586 3896 714 3962 incuria
733 3896 877 3979 quadam
900 3895 1107 3979 cogitandum
1127 3900 1185 3960 est.

154 4064 359 4075 u——-—----.-—

244 4160 269 4225 1)
289 4156 331 4211 Ol.
350 4156 384 4211 de
404 4156 454 4224 eis,
474 4171 544 4225 quae
567 4154 690 4210 edendae
716 4154 887 4208 accusationi
912 4153 1007 4207 addita
1030 4152 1174 4207 ridentur:
1200 4153 1341 4209 Schaefer.

153 4242 171 4297 l.
191 4260 215 4297 c.
235 4242 284 4297 III
303 4246 319 4295 2
340 4262 367 4313 p.
387 4244 420 4298 75
433 4260 489 4311 sq.;
508 4241 610 4296 Blass.:
629 4241 689 4295 Att.
709 4239 771 4295 Ber.
790 4238 841 4293 ΙΙΙ
857 4242 892 4292 2¹
909 4258 936 4309 p.
954 4240 1005 4293 215
1016 4257 1093 4308 sqq.;
1116 4238 1227 4293 licien:
1246 4238 1281 4297 D.
1294 4239 1339 4295 Iu.

154 4330 180 4383 d.
200 4348 258 4398 sog.
277 4328 414 4395 66611661.
433 4329 458 4383 d.
477 4328 510 4383 R.
530 4347 556 4382 v.
577 4329 623 4381 ΚΓ.
642 4348 669 4397 p.
689 4329 722 4379 38
739 4344 798 4394 sqq.
