3242 5259
609 551 827 613 *53-

120 718 327 811 ἀνθρωπίνῳ
343 724 491 809 λογισμῷ
507 719 663 801 δυνατόν,
679 721 735 787 ιιαλ
750 720 882 801 τούτοις
899 721 1040 808 ἐτείχισα
1054 720 1117 809 τὴν
1127 723 1240 809 χώραν
1257 777 1263 790 .
1281 777 1287 791 .
1306 778 1312 794 ,

127 830 167 893 Τί
187 833 271 911 χρῆν
293 822 353 893 τὸν
369 818 494 891 εὔνουν
512 828 654 910 πολίτην
668 832 789 905 ποιεῖν,
812 828 845 892 τί
859 822 920 893 τὸν
931 824 1016 911 μετὰ
1031 827 1138 913 ποίσης
1152 832 1314 912 προνοίας

122 930 177 997 καί
192 932 383 1015 προθυμίας
400 928 455 995 nui
472 926 686 1015 δικαιοσύνης
701 925 785 1014 ὑπὲρ
797 936 857 1014 τῆς
866 932 1026 1014 πατρίδος
1038 931 1298 1017 πολιτευόμενον
1303 965 1314 1013 ,·

121 1029 185 1101 οὐκ
207 1034 243 1101 ἐκ
263 1033 325 1119 μὲν
337 1032 505 1120 θαλάττης
519 1030 582 1118 τὴν
600 1028 751 1119 Εὔβοιαν
772 1033 1001 1119 προβαλέσθαι
1016 1032 1083 1119 πρὸ
1097 1042 1156 1121 τῆς
1165 1031 1314 1121 Ἀττικῆς,

122 1136 157 1204 ἐκ
187 1136 222 1205 δὲ
254 1146 312 1223 τῆς
338 1140 512 1223 μεσογείας
534 1134 597 1223 τὴν
621 1139 815 1205 Βοιωτίαν.
837 1189 844 1203 .
868 1160 895 1217 .;
931 1140 979 1201 Ac
1009 1136 1097 1220 qnod
1126 1138 1244 1204 attinet
1271 1138 1314 1205 ad

122 1240 305 1323 opinionem
336 1239 461 1305 Reiehii
492 1240 686 1305 haesitantis
717 1240 751 1303 in
783 1259 838 1319 eo,
881 1238 969 1329 qnod
999 1239 1236 1307 Demosthenes
1270 1242 1314 1308 ed

124 1344 292 1409 Aeschinis
314 1343 415 1409 verba
437 1343 477 1409 de
506 1342 681 1408 virtutibus
712 1342 851 1409 hominis
873 1342 1043 1427 popularis
1065 1342 1154 1409 facta
1176 1366 1240 1411 non
1263 1366 1313 1411 re-

125 1448 293 1533 spondeat,
317 1446 467 1513 defensor
489 1469 552 1513 non
573 1446 686 1526 solum,
709 1446 743 1511 id
763 1446 850 1531 quod
871 1447 920 1512 vir
939 1447 1055 1513 doctus
1071 1448 1140 1533 ipse
1152 1448 1314 1529 admonet,

121 1553 154 1617 in
185 1554 220 1639 ἐξ
245 1557 279 1631 1,
313 1557 389 1631 110,
418 1556 475 1617 321
505 1573 551 1635 sq.
586 1550 629 1615 ad
660 1550 918 1616 benevolentium
943 1572 1022 1635 erga
1050 1573 1121 1617 rem
1148 1552 1314 1641 publicam

122 1661 309 1722 constanter
338 1654 485 1721 habitam
517 1659 690 1740 provocat,
721 1654 899 1719 sedetiam
929 1656 968 1719 in'
991 1656 1009 1741 ᾗ
1034 1660 1093 1725 122
1118 1656 1199 1722 satis
1218 1657 1314 1742 plane

121 1759 303 1848 δημοτικόν
323 1780 357 1825 se
379 1764 482 1825 vocat.
522 1758 601 1825 Cum
621 1759 705 1825 enim
729 1758 916 1825 adversario
939 1758 1041 1825 obicit
1061 1761 1170 1835 omnia
1192 1744 1314 1828 calum}

122 1863 241 1929 niando
268 1862 475 1947 detorquenti
498 1863 527 1928 ei
555 1884 619 1929 non
649 1864 749 1929 licere
776 1863 948 1946 imaginem
979 1862 1118 1931 hominis
1147 1865 1315 1952 popularis

121 1988 312 2053 proponere,
329 1966 449 2032 eisdem
465 1954 572 2033 verbis
588 1972 697 2032 monet
710 1987 744 2032 se
758 1967 865 2050 ipsum
875 1966 948 2049 quis
957 1966 1128 2053 qualisque
1137 1967 1315 2055 δημοτικός

122 2073 174 2151 sit,
198 2070 293 2136 aliter
315 2071 461 2137 indicare
489 2076 589 2154 atque
612 2070 820 2153 Aeschinem
849 2092 987 2154 cumque
1009 2071 1116 2155 pergit
1137 2057 1313 2155 populares

122 2198 186 2241 non
211 2174 328 2255 verbis
352 2175 408 2241 sed
425 2175 521 2240 factis
538 2180 571 2239 et
589 2176 686 2242 rebus
706 2175 806 2259 gestis
822 2175 985 2259 cognosci,
1005 2174 1074 2239 sino
1090 2174 1189 2240 dnbio
1205 2175 1314 2242 dicere

122 2279 191 2345 vult
205 2300 239 2345 se
255 2280 436 2364 ipsum,'rei
449 2277 599 2363 publicae
615 2279 755 2344 maxime
768 2277 923 2357 deditum,
940 2298 1004 2343 non
1023 2282 1167 2344 actorem
1180 2278 1313 2364 dignum

123 2404 202 2465 esse,
238 2384 293 2467 qni
328 2382 505 2471 δημοτικός
537 2388 679 2448 vocetur.
739 2381 956 2464 Quamobrem
983 2383 1016 2447 in
1051 2384 1213 2449 sententia
1241 2405 1314 2449 mea

121 2508 296 2572 permaneo
314 2486 493 2553 arbitratus
509 2486 726 2551 accusationis
742 2486 985 2570 paragraphum
1003 2491 1044 2553 84
1060 2486 1103 2551 nd
1117 2486 1314 2553 detensionis

122 2594 158 2677 ἐς
182 2596 362 2671 aaa-301,
391 2590 477 2657 illius
508 2590 664 2656 orationis
691 2590 935 2675 paragraphum
968 2596 1029 2657 168
1053 2612 1123 2675 sqq.
1154 2590 1196 2655 nd
1218 2590 1314 2657 huius

123 2699 140 2781 ᾗ
158 2700 218 2761 122
234 2696 407 2779 μειλίσσεο,
430 2695 621 2761 Aeschinem
637 2699 755 2775 antem,
778 2699 815 2760 ut
830 2715 930 2779 supra
945 2693 1173 2774 demonstravi,
1197 2699 1314 2779 quater

30 2856 32 2861 ,
124 2799 231 2865 decies
254 2800 382 2865 omnino
404 2804 492 2865 reete
514 2800 760 2883 praesagivisso.

194 2926 196 2932 ·
211 2906 300 2983 Quae
310 2925 383 2970 oum
401 2905 448 2968 ita
463 2904 536 2981 sint,
551 2903 785 2969 Demosthenes
802 2903 845 2967 ad
860 2924 918 2971 sex
935 2900 1170 2973 subiectionum
1185 2901 1313 2970 illarum

123 3008 252 3091 viginti,
283 3027 366 3092 quae
400 3008 432 3071 in
464 3006 645 3073 Aeschines
674 3008 821 3072 oratione
850 3006 1073 3084 inveniuntur,
1109 3005 1314 3089 respondisse

123 3134 187 3178 non
220 3112 357 3177 videtur.
402 3110 525 3191 Quibus
560 3132 577 3175 e
610 3109 690 3175 locis
723 3132 824 3190 unns,
855 3108 1057 3195 paragraphi
1092 3113 1155 3175 228
1187 3114 1220 3174 et
1243 3115 1314 3189 229,

123 3218 273 3282 Sirenum
298 3216 574 3300 comparationem
603 3221 721 3299 postea
750 3214 950 3298 adscriptam
973 3213 1153 3295 continent3
1185 3218 1314 3279 ceterae

124 3321 267 3406 quinque
289 3319 601 3404 praeoccupationes
622 3319 733 3383 insunt
753 3320 785 3383 in
806 3320 897 3404 §§13
917 3340 985 3402 sqq.
1008 3323 1041 3383 et
1064 3322 1105 3385 28
1127 3338 1207 3402 sqq,
1229 3319 1313 3403 §aa

123 3428 160 3511 ἓξ
184 3430 223 3489 97
255 3429 287 3490 et
318 3428 390 3501 256,
419 3423 455 3507 ἐξ
485 3428 548 3487 218
576 3426 704 3501 atala,
735 3424 849 3509 ἐ257.
893 3423 962 3487 Iam
992 3441 1068 3486 vero
1098 3421 1251 3504 quoniam
1280 3420 1314 3485 id

124 3528 284 3607 molimur,
300 3532 337 3592 ut
349 3527 578 3605 examinemus,
594 3547 671 3591 num
680 3526 875 3591 defensionis
889 3524 952 3589 looi
959 3525 1010 3590 his
1026 3523 1314 3607 anticipationibus

124 3631 357 3716 respondentes
379 3635 555 3716 propterea
576 3629 691 3695 traditi
713 3650 777 3694 non
798 3631 872 3708 sint,
899 3628 986 3712 qnod
1008 3627 1242 3693 Demosthenes
1263 3648 1314 3693 re·

125 3737 329 3821 sponsionem
365 3736 397 3799 in
433 3734 553 3799 indicio
591 3733 718 3817 qnidam
756 3732 966 3811 reddidisset,
1007 3731 1041 3796 in
1073 3730 1199 3797 edenda
1237 3751 1314 3796 vero

125 3841 272 3905 oratione
295 3838 499 3921 neglexisset,
523 3837 742 3921 quaerendum
768 3842 827 3916 est,
857 3842 966 3901 utrum
992 3835 1104 3900 eodem
1128 3834 1224 3900 modo
1249 3856 1313 3918 qno

125 3947 161 4031 ἕξ
178 3948 240 4010 228
264 3949 297 4008 ct
320 3948 381 4007 229
405 3948 586 4008 ceterorum
610 3962 739 4025 quoque
761 3940 906 4005 locorum
930 3940 1062 4023 qnidam
1085 3944 1160 4022 post
1182 3960 1314 4003 oausam

126 4054 234 4113 aotam
251 4046 379 4113 demum
396 4045 553 4129 adscripti
570 4066 611 4109 an
627 4046 770 4127 quinque
785 4044 861 4109 illae
877 4043 1095 4109 subiectiones
1111 4041 1314 4108 adefonsoro

126 4150 214 4234 apud
236 4150 392 4215 heliastas
415 4148 547 4214 auditae
571 4153 604 4213 et
627 4148 789 4213 refutatae
813 4148 886 4213 sint.

213 4254 281 4319 Neo
298 4253 431 4319 dubium
454 4252 591 4332 videtur,
615 4252 691 4336 quin
715 4252 821 4337 prima
840 4252 1169 4337 praeoccupationum
1184 4248 1314 4313 illarum

126 4358 278 4441 quinque,
313 4356 513 4440 paragraphi
545 4362 670 4421 13-16
701 4361 733 4420 et
763 4360 899 4433 28-30,
934 4353 1106 4436 inquibus
1136 4357 1229 4418 actor
1259 4351 1315 4417 de-

125 4468 309 4527 monstrare
340 4461 409 4526 vult
431 4458 680 4525 Demosthenem
713 4460 873 4523 moenium
903 4457 1150 4524 reficiendorum
1181 4476 1315 4523 munere
