3242 5259
759 585 975 657 .·.·.16'...

271 776 305 837 et
348 768 508 833 moenium
547 766 794 831 reficiendorum
837 787 857 829 a
891 786 925 829 se
959 764 1187 830 administrate
1223 764 1466 847 Ctesiphontem

273 873 475 957 rogationem
509 871 640 950 tulisse,¹
681 870 737 934 sed
772 870 814 934 ob
847 867 1006 933 beneficia
1040 868 1126 932 ultro
1163 868 1287 932 civitati
1322 868 1466 948 tributa3

272 977 528 1041 voluntariarum
565 986 641 1039 vero
681 974 901 1057 impensarum
937 974 1080 1037 rationes
1110 972 1235 1056 reposci
1267 992 1329 1036 non
1360 993 1466 1057 posse.

272 1081 397 1161 Quibus
429 1079 536 1144 verbis
560 1077 808 1143 Demosthenem
833 1085 986 1143 nontam
1011 1083 1216 1159 argumenta,
1247 1097 1343 1160 quam
1368 1076 1466 1140 cavil-

202 1220 204 1223 ·
272 1184 411 1249 lationes
427 1168 638 1267 argutiaeque
652 1180 801 1266 proferre
817 1181 903 1247 inter
919 1181 1006 1245 viros
1022 1180 1136 1245 doctos
1152 1182 1309 1245 convenit.
1348 1183 1468 1259 Quam-

274 1310 370 1371 quam
405 1288 489 1352 enim
519 1292 552 1352 et
583 1286 821 1367 Stachowius1)
851 1286 946 1351 nimis
975 1285 1085 1368 inique
1111 1284 1236 1349 iudicat
1263 1284 1467 1349 defensorem

273 1391 430 1456 facultate
460 1392 492 1454 in
527 1388 729 1454 commodum
761 1388 907 1454 vertendi
938 1388 1089 1452 Aeschini
1116 1394 1208 1452 tanto
1239 1388 1342 1471 magis
1374 1409 1469 1470 prae-

274 1496 394 1575 lucere,
421 1500 543 1577 quanto
569 1493 622 1558 hio
644 1493 779 1559 inferior
801 1490 858 1557 illo
881 1492 1044 1557 exstiterit
1065 1497 1188 1570 orator,
1220 1498 1253 1556 et
1278 1491 1470 1575 Spengelius

275 1601 308 1663 in
339 1599 424 1665 libro
453 1618 553 1682 supra
575 1596 747 1679 laudat02)
770 1595 981 1661 Demostheni
1003 1594 1147 1660 debitam
1173 1595 1302 1661 laudem
1325 1596 1470 1661 detrahit

276 1704 416 1789 probare
460 1700 594 1767 studens
629 1701 894 1785 Ctesiphonteam
936 1720 1006 1777 esse
1042 1699 1113 1779 „eiu
1147 1699 1378 1767 Meisterstiiclr
1411 1699 1470 1764 der

277 1806 472 1891 sophetim,
503 1826 626 1890 rumne,¹
656 1810 693 1870 ut
721 1809 847 1869 ceteros
876 1803 1034 1883 omittam,
1065 1824 1106 1867 ne
1127 1803 1311 1888 Blassius³)
1340 1804 1469 1888 quidem

277 1917 376 1995 negat
398 1916 560 1975 oratorem
579 1908 611 1971 in
627 1910 663 1993 ἐξ
682 1914 851 1974 Ill-119
866 1907 977 1971 facere
993 1929 1056 1972 non
1072 1927 1177 1991 posse,
1201 1909 1279 1991 quin
1295 1908 1470 1993 sophistice

279 2018 532 2098 argumentetur.
580 2011 719 2077 Difficile
746 2011 847 2095 igitur
869 2017 920 2076 est
940 2010 1126 2090 intellectu,
1160 2033 1218 2076 our
1239 2012 1273 2075 in
1294 2014 1331 2097 ἕξ
1358 2016 1417 2077 120
1439 2018 1472 2075 et

281 2124 338 2183 121
377 2138 508 2182 causam
540 2114 725 2180 inferiorern
757 2114 895 2179 reddere
926 2115 1126 2198 superiorem
1156 2136 1220 2179 uon
1254 2121 1390 2181 conatus
1420 2115 1471 2180 sit.

281 2221 439 2305 Equidem
482 2224 597 2285 contra
640 2239 755 2283 censeo
788 2223 916 2283 tantum
948 2217 1079 2297 abesse,
1121 2225 1158 2283 ut
1190 2220 1333 2303 priorem
1367 2219 1472 2303 legem

282 2329 475 2408 exterosque
505 2324 645 2389 honores
674 2322 802 2387 silentio
825 2322 1047 2405 praeterierit,
1081 2329 1117 2388 ut
1140 2322 1202 2387 hoc
1225 2344 1354 2407 quoque
1377 2344 1474 2407 argu·

281 2434 424 2493 mentum
451 2427 614 2510 copiosius
639 2426 874 2509 calumniisque
897 2425 1053 2491 adhibitis
1074 2427 1107 2490 in
1128 2427 1250 2491 iudicio
1271 2428 1473 2493 tractaverit.

342 2645 344 2650 Α
369 2567 385 2650 ᾖ
410 2570 438 2629 3.
483 2564 608 2643 Quibus
638 2564 909 2647 explicationibus
941 2565 1134 2629 examinatis
1162 2564 1411 2648 progrediamur
1432 2566 1474 2630 ad

282 2669 459 2734 sententias
489 2689 617 2747 eorum,
649 2668 704 2751 qui
736 2666 918 2733 concedunt
945 2669 1075 2752 quidem
1108 2669 1334 2735 Demosthenis
1365 2668 1475 2733 defen·

283 2775 406 2838 sionem
440 2773 481 2837 ab
506 2772 675 2837 Aeschinis
698 2772 980 2855 argumentatione
1005 2793 1101 2855 quam
1127 2774 1265 2837 maxime
1289 2773 1476 2851 abhorrere,

285 2883 430 2942 attamen
459 2875 546 2943 illius
576 2875 676 2940 verba
706 2876 835 2959 integra
857 2875 900 2941 ad
922 2883 1068 2941 nostram
1093 2882 1234 2941 aetatem
1259 2877 1384 2942 venisse
1407 2877 1477 2960 opi·

283 2986 411 3046 uantur.

372 3082 483 3149 Multis
500 3084 583 3149 euim
600 3084 677 3148 viris
693 3083 798 3148 doctis
814 3104 1005 3166 persuasum
1023 3089 1073 3150 est
1088 3083 1285 3149 defensionis
1298 3084 1477 3149 exilitatem

258 3232 261 3236 -
287 3208 350 3252 non
377 3186 472 3252 aliter
496 3186 652 3271 explicari
675 3208 770 3270 posse
794 3208 833 3251 ac
855 3188 881 3278 si
906 3188 1097 3252 Aeschinem
1121 3188 1209 3272 apud
1230 3188 1387 3253 heliastas
1414 3208 1477 3251 non

231 3344 232 3347 ,
288 3290 401 3355 eadem
432 3296 641 3374 argumenta,
673 3312 756 3373 quae
786 3312 873 3355 nuno
901 3290 1058 3373 legimus,
1092 3292 1265 3375 protulisse
1287 3298 1478 3356 statuamus.

289 3398 335 3459 Ac
365 3396 506 3479 primum
537 3394 666 3478 quidem
691 3395 898 3477 Disaenius4)
928 3395 1106 3460 arbit-ratus
1129 3395 1356 3460 Demosthenis
1378 3393 1480 3459 verba

287 3507 358 3566 τῶν
387 3500 443 3582 (sc.
472 3495 601 3584 νόμων)
630 3494 786 3583 ἀφαιρῶν
814 3498 915 3584 μέρη,
954 3495 1013 3578 οὓς
1042 3496 1141 3579 ὅλους
1170 3503 1302 3568 δίκαιον
1331 3488 1373 3585 ἦν
1402 3494 1480 3566 ἀνα-

288 3600 535 3687 γιγνώσκεσθαι
565 3601 606 3665 ad
630 3602 809 3666 adversarii
832 3602 1046 3686 Dionysiaoae
1068 3602 1150 3685 legis
1177 3603 1480 3687 interpretationem

289 3706 462 3788 pertinere,
494 3705 685 3769 Aeschinem
719 3707 942 3789 exceptionem
967 3705 1062 3771 huius
1084 3705 1166 3789 legis
1190 3707 1330 3771 orationi
1351 3706 1480 3771 demum

289 3814 365 3891 post
385 3807 497 3873 iudicii
521 3808 605 3873 diem
628 3808 746 3873 litteris
770 3809 975 3875 mandandae
999 3809 1211 3893 adscripsisse
1234 3816 1353 3876 censet.
1396 3809 1481 3873 Nam

291 3911 413 3991 „videri
449 3916 559 3995 potest
588 3912 799 3993 Aeschines“‚
840 3913 962 3997 inquit,
1001 3935 1093 3994 „oum
1127 3915 1160 3977 in
1194 3914 1315 3979 iudicio
1348 3913 1482 3993 diceret,

291 4016 439 4081 omisisse
460 4020 561 4079 totam
586 4017 810 4099 exceptionem
833 4017 914 4101 legis
936 4025 969 4082 et
989 4025 1105 4102 postea
1120 4018 1259 4097 demum,
1282 4038 1354 4082 cum
1371 4016 1483 4081 ederet

381 4258 406 4324 1)
426 4254 469 4309 De
490 4255 639 4311 Aeschinis
659 4258 776 4311 oratoris
794 4259 854 4312 vita
870 4276 897 4328 p.
918 4262 957 4313 14.

379 4342 577 4412 amam

379 4430 405 4497 3)
424 4429 486 4482 Art.
505 4428 567 4482 Ber.
589 4429 638 4483 ΙΙΙ
659 4432 690 4483 1¹
708 4449 735 4499 p.
754 4432 814 4486 425.

380 4516 407 4582 4)
426 4515 458 4569 L.
479 4532 504 4571 c.
521 4535 547 4584 p.
567 4518 626 4569 291.
