3242 5259
786 559 999 619 ..54-

299 722 445 791 lunctum
459 725 640 790 rationibus
652 725 827 791 reddendis
838 726 1013 792 obnoxium
1023 749 1103 805 esse,
1119 727 1349 791 retractandae
1358 726 1487 791 demum

300 829 439 895 orationi
467 829 592 895 inserta
622 831 672 897 sit.
717 828 799 894 Nam
830 851 893 895 non
925 851 984 914 ego
1014 834 1159 909 tantum,
1189 830 1247 895 sad
1270 851 1380 895 omnes
1410 831 1488 910 tere,

301 933 356 1017 qui
385 933 418 998 in
441 933 503 998 hac
526 954 562 998 re
583 932 681 999 hodie
706 938 887 1014 versantur,
917 933 1109 999 Aeschinem
1132 956 1216 1000 anuo
1237 940 1300 1001 330
1321 934 1361 999 de
1383 935 1487 1019 primo

299 1036 481 1129 παρανόμῳ
512 1037 609 1104 aliter
631 1036 770 1117 dixisse,
807 1042 907 1122 atque
937 1038 971 1103 in
999 1037 1124 1103 tradita
1154 1039 1301 1104 oratione
1331 1040 1487 1121 scriptum

299 1141 453 1221 videmus,
476 1148 643 1225 procerte
662 1139 785 1206 habent
797 1142 831 1225 1).
866 1143 929 1221 Qui
945 1140 1031 1225 quod
1048 1147 1232 1226 praecavet,
1253 1164 1295 1208 ne
1309 1142 1488 1208 adversarii

299 1244 443 1311 obiciant
472 1248 675 1333 τειχοποιίαν
704 1266 767 1310 non
797 1266 868 1311 esse
901 1244 1017 1332 ἀρχήν,
1054 1245 1111 1311 sed
1144 1252 1271 1311 tantum
1303 1247 1489 1333 ineptiam

299 1350 355 1418 καί
378 1352 561 1429 διακονίαν,
593 1348 679 1414 hanc
701 1349 943 1415 excusationem
972 1350 1034 1415 nisi
1063 1355 1139 1415 ante
1166 1350 1310 1416 rationes
1334 1349 1491 1437 redditas,

299 1453 318 1517 i.
342 1474 368 1522 e.
397 1452 496 1537 paulo
526 1458 600 1537 post
623 1473 720 1535 quam
747 1472 833 1518 anno
855 1458 917 1519 336
939 1453 1030 1518 litem
1052 1454 1268 1533 instruxerat,
1299 1459 1489 1538 exspectare

299 1578 362 1621 non
377 1557 492 1640 potuit.
516 1557 564 1622 Ex
580 1577 643 1640 quo
659 1562 798 1641 apparet
810 1578 882 1621 eum
898 1556 985 1623 hunc
999 1558 1106 1623 locum
1121 1558 1155 1622 in
1171 1557 1291 1623 iudicio
1308 1556 1489 1622 rationibus

300 1660 356 1725 diu
385 1661 497 1725 relatis
525 1682 590 1726 non
621 1660 785 1740 attulisse,
820 1660 878 1726 sed
910 1661 1054 1727 edendae
1086 1662 1286 1727 accusationi
1316 1659 1489 1740 addidisse,

299 1786 363 1829 non
386 1768 423 1829 ut
444 1763 602 1830 eiusmodi
626 1768 819 1848 argumenta
841 1786 861 1829 a
880 1764 1048 1831 defensore
1070 1765 1200 1851 prolata
1223 1764 1405 1855 repelleret,
1432 1764 1489 1830 sed

300 1873 337 1934 ut
358 1867 467 1933 verbis
488 1867 568 1947 illis,
599 1889 684 1952 quae
705 1889 762 1933 sex
792 1869 885 1937 annis
915 1875 992 1935 ante
1014 1875 1286 1955 praeparaverat,
1317 1868 1490 1953 adscriptis

300 1973 478 2039 orationem
502 1972 713 2070 valentiorem
737 1978 770 2038 et
791 1969 1006 2039 efficaciorem
1030 1972 1162 2039 faceret.
1270 2025 1275 2034 .

389 2076 505 2142 Mirum
536 2077 636 2160 igitur
664 2097 728 2142 non
751 2083 801 2142 est
823 2076 1074 2143 Demosthenem
1098 2078 1159 2143 has
1180 2076 1407 2161 paragraphus
1427 2098 1490 2142 non

301 2181 470 2264 attingere.
516 2184 718 2265 Quamquam
751 2186 860 2248 autem
882 2181 1024 2247 concedo
1054 2181 1196 2263 reliquos
1217 2185 1373 2263 quattuor
1401 2184 1491 2246 locos

301 2283 343 2351 ab
362 2284 521 2351 Aeschine
542 2285 575 2349 in
596 2286 742 2351 oratione
764 2284 878 2351 habita
899 2285 1046 2369 prolatos
1062 2306 1143 2364 essa,
1165 2290 1273 2349 tamen
1297 2284 1340 2348 ad
1363 2284 1489 2350 institu-

301 2395 368 2454 tam
392 2388 650 2472 disquisitionem
684 2388 914 2454 absolvendam
944 2411 964 2453 a
992 2388 1209 2473 paragraphis
1236 2410 1365 2472 quoque
1394 2394 1434 2454 97
1458 2394 1491 2453 et

285 2499 363 2559 ,256
397 2492 626 2558 discedendum
659 2513 728 2558 esse
759 2513 891 2573 censeo,
929 2494 962 2557 iu
993 2492 1111 2577 quibus
1147 2499 1240 2557 actor
1267 2492 1400 2576 exponit
1433 2491 1490 2556 ad·

304 2597 482 2662 versarium
499 2597 790 2680 glorieturumesse
805 2617 840 2661 se
857 2603 890 2661 et
908 2596 1032 2661 alioset
1043 2600 1229 2662 Acarnanes
1240 2594 1490 2660 Atheniensibus

304 2702 408 2775 socios
422 2722 638 2785 comparasse.
671 2702 761 2780 Quae
784 2700 885 2765 verba
900 2700 1144 2779 Demosthenes,
1167 2706 1205 2765 ut
1227 2699 1490 2785 supradiximus,

302 2805 482 2888 neglexisse
520 2804 655 2884 videtur,
696 2826 768 2869 cum
798 2803 1026 2870 Thebanorum
1057 2803 1206 2888 quidem,
1245 2802 1490 2882 Euboeensium,

303 2910 530 2994 Byzantiorum
545 2908 748 2990 aliorumque
761 2908 957 2973 mentionem
973 2907 1083 2986 faciat,
1101 2928 1262 2991 nusquam
1274 2908 1489 2971 Acarnanum.

302 3012 410 3077 Nihilo
433 3013 538 3077 minus
562 3012 736 3077 verisimile
760 3018 810 3078 est
832 3018 976 3077 actorem
1005 3017 1095 3077 recte
1117 3011 1361 3095 praesagivisse.
1407 3010 1490 3075 Nam

302 3119 334 3182 in
358 3115 552 3182 defensionis
574 3115 783 3199 paragrapho
808 3121 869 3181 237
888 3115 1040 3198 legimus:
1062 3111 1128 3183 ἀλλ’
1154 3112 1244 3200 ὅμως
1267 3116 1303 3182 ἐκ
1326 3112 1491 3182 τοιούτων

303 3219 543 3307 ἐλαττωμάτων
566 3218 632 3301 ἐγὼ
655 3219 847 3306 συμμάχους
864 3220 926 3306 μὲν
941 3217 1021 3306 ὑμῖν
1036 3221 1174 3306 ἐποίησα
1190 3215 1340 3305 Εὐβοέας
1348 3215 1491 3303 Ἀχαιοὺς

303 3327 510 3410 Κορινθίους
534 3328 703 3410 Θηβαίους
730 3324 909 3411 Μεγαρέας
929 3327 1137 3402 Λευκαδίους
1160 3326 1402 3407 Κερκυραίους,
1431 3317 1487 3406 ἀφ’

306 3420 352 3497 ὧν
373 3428 486 3514 μύριοι
510 3428 571 3514 μὲν
596 3428 651 3495 καὶ
674 3432 932 3514 πεντακισχίλιοι
947 3427 1045 3507 ξένοι,
1068 3431 1220 3512 δισχίλιοι
1238 3422 1265 3493 δ’
1284 3429 1394 3505 ἱππεῖς
1408 3422 1490 3492 ἄνευ

303 3541 373 3600 τῶν
394 3538 575 3599 πολιτικῶν
597 3529 775 3616 δυνάμεων
795 3529 1023 3618 συνήχθησαν.
1068 3531 1138 3608 Quo
1162 3530 1234 3594 loco
1256 3528 1490 3593 Demosthenes

305 3635 434 3700 easdem
459 3635 528 3699 fere
549 3634 696 3698 civitates
720 3640 905 3713 enumerat,
937 3656 1019 3716 quas
1050 3634 1255 3698 adversarius
1277 3634 1310 3697 in
1334 3632 1371 3717 ἓξ
1393 3638 1434 3697 95
1458 3637 1491 3696 et

303 3744 353 3817 97,
380 3743 611 3822 praeterquam
634 3736 720 3819 quod
742 3736 918 3802 Aeschines
940 3759 1003 3803 non
1029 3743 1260 3803 commemorat
1283 3736 1489 3820 Corcyraeos,

302 3864 362 3927 pro
375 3840 546 3907 Leucadiis
565 3847 673 3905 autem
691 3840 788 3905 affert
804 3844 992 3906 Acarnanes
1012 3840 1154 3906 Leucadi
1170 3841 1295 3905 insulae
1316 3840 1489 3923 proximos.

303 3948 393 4025 Quae
428 3944 535 4009 insula
571 3945 634 4009 sita
668 3945 702 4009 in
734 3951 910 4028 conspectu
940 3945 1045 4013 litoris
1078 3935 1271 4009 Acarnanici
1300 3943 1490 4028 paeninsula

303 4050 365 4116 fuit
395 4070 499 4131 usque
526 4048 568 4112 ad
596 4047 630 4111 id
652 4054 794 4134 tempus,
825 4069 889 4131 quo
913 4048 1089 4129 Corinthii,
1119 4049 1175 4131 qui
1199 4053 1232 4113 et
1253 4048 1436 4113 Leucadem
1457 4054 1491 4113 et

392 4294 418 4361 l)
440 4292 480 4346 (tf.
499 4290 655 4345 Kirchhoff.
674 4292 690 4345 l.
705 4308 728 4344 c.
747 4310 774 4360 p.
787 4293 821 4344 64
830 4298 903 4360 sqq}
925 4290 1024 4344 Blasa:
1043 4290 1103 4344 Att.
1116 4291 1179 4344 Ber.
1198 4290 1489 4359 11122p.nrosqq.;

303 4380 420 4435 Christ:
441 4377 540 4435 Gesch.
559 4378 584 4431 d.
605 4377 707 4447 griech.
726 4376 794 4431 hitt.
814 4396 841 4446 p.
860 4379 928 4430 407⁸
950 4376 1012 4429 adn.
1033 4380 1055 4445 l,
1080 4378 1160 4445 alios,
1186 4378 1352 4446 praesertim
1376 4377 1501 4433 Reichr

303 4465 337 4519 D.
357 4464 402 4519 Fr.
421 4466 446 4518 d.
465 4482 522 4534 sog.
542 4482 590 4517 τω.
608 4462 678 4517 Red.
698 4462 724 4516 d.
742 4462 777 4517 R.
795 4481 821 4516 v.
839 4462 889 4517 Kr.
908 4482 935 4532 p.
952 4464 988 4517 45
1005 4480 1064 4531 sqq.
