3242 5259
746 599 964 661 ...14-

258 772 445 857 iuberhaupt
467 771 571 853 wenig
588 770 734 835 (levicht
757 770 854 853 legte,
877 770 940 834 den
954 769 1110 837 Richtern
1129 768 1320 832 riberlassen
1336 760 1454 844 volte,

259 875 444 941 Aeschines’
467 874 635 959 Sophistils
666 896 706 939 zu
739 874 922 957 viirdigen‚
949 872 1018 937 und
1048 872 1117 937 sich
1153 872 1257 937 demit
1279 871 1453 955 begniigte,

258 979 328 1044 sich
358 978 486 1043 einlach
517 978 577 1043 sui
602 978 656 1043 die
684 979 798 1044 hlaren
822 978 936 1043 Worte
963 976 1022 1041 (les
1044 976 1198 1041 Gesetzes
1229 998 1268 1040 zu
1286 975 1454 1040 herotem‘.

258 1083 323 1149 Sed
346 1084 445 1149 etiam
468 1082 551 1147 haee
572 1084 736 1147 sententia
763 1102 828 1147 non
856 1081 971 1147 dubito
994 1082 1073 1164 quin
1094 1080 1194 1165 plane
1215 1078 1381 1145 reicienda
1402 1080 1454 1145 sit.

259 1187 342 1252 Nam
365 1186 526 1251 iaciamus
541 1186 791 1251 Demosthenem
816 1187 880 1251 hoc
900 1185 974 1251 looo
988 1206 1024 1250 se
1038 1186 1144 1269 ipsum
1162 1182 1291 1267 legibus
1306 1183 1453 1247 adiuvari

258 1312 320 1376 pro
337 1295 428 1355 certo
449 1289 614 1357 habuisse.
650 1290 813 1355 Debuitno
833 1297 903 1355 tum
926 1310 968 1354 ex
984 1289 1074 1354 nulla
1086 1288 1286 1353 conscientia
1300 1288 1343 1352 de
1357 1287 1455 1372 culpa

260 1395 342 1460 satis
363 1393 487 1459 habere
510 1394 553 1459 ad
566 1394 674 1478 legum
691 1394 792 1459 verba
806 1394 1010 1478 provocare?
1039 1392 1154 1457 Nonne
1169 1391 1272 1457 multo
1286 1392 1456 1457 verbosius

261 1500 294 1564 in
318 1496 487 1563 Aeschinis
518 1497 778 1563 malevolentiam
806 1497 1045 1580 audaciamque
1067 1495 1284 1561 invehendum
1307 1496 1337 1559 ei
1359 1497 1455 1560 erat?

263 1602 376 1667 Nonne
396 1602 572 1687 oportebat
595 1622 668 1667 eum
691 1608 725 1667 et
739 1600 904 1666 indicibus
918 1608 953 1666 et
967 1600 1092 1666 civibus
1108 1600 1287 1666 adversarii
1302 1598 1454 1664 callidam

263 1707 304 1773 de
326 1710 467 1789 ξενικοῖς
488 1704 669 1792 στεφάνοις
689 1698 994 1789 interpretationem
1012 1704 1155 1770 dilucido
1169 1704 1324 1789 aperire?
1347 1704 1456 1768 Nihilo

263 1813 370 1877 minus
397 1810 429 1876 in
459 1810 624 1889 oratione,
657 1830 741 1893 qnae
770 1808 814 1874 ad
843 1815 990 1874 nostram
1019 1815 1162 1874 aetatem
1193 1809 1360 1891 pervenit,
1393 1808 1456 1873 De·

263 1915 463 1980 mosthenem
486 1912 667 1978 levissimas
688 1914 834 1978 rationes
856 1911 976 1977 afferre
998 1912 1153 1978 ridemus.
1191 1912 1240 1976 lia
1254 1913 1350 1991 enim,
1372 1932 1457 1995 qnae

264 2020 306 2084 de
328 2016 552 2102 superioribus
574 2017 871 2083 renuntiationibus
893 2018 927 2083 in
949 2016 1081 2082 theatro
1103 2016 1199 2081 iactis
1218 2014 1353 2099 profert,
1378 2036 1399 2079 a
1420 2036 1457 2080 re

265 2121 435 2207 proposita
457 2122 596 2186 maxime
618 2120 726 2185 aliena
748 2127 833 2187 sunt
868 2121 962 2201 Quod
984 2126 1094 2186 autem
1116 2119 1262 2184 allirmat
1280 2124 1315 2183 et
1327 2119 1457 2200 nullius,

267 2226 323 2310 qui
347 2231 531 2304 coronetur,
557 2224 734 2307 quidquam
758 2225 926 2304 interesse,
949 2245 1014 2307 quo
1037 2225 1111 2289 loeo
1133 2242 1286 2288 coronam
1307 2224 1458 2307 accipiat,

267 2337 301 2395 et
328 2332 362 2395 in
392 2328 524 2393 theatro
546 2329 649 2413 ipsius
671 2334 797 2393 tantum
819 2327 932 2413 populi
962 2329 1071 2411 gratia
1090 2327 1354 2412 praedicationes
1374 2326 1458 2406 fieri,

267 2454 365 2517 qnam
389 2436 505 2516 argute
527 2452 567 2497 ac
589 2433 719 2517 spinose
742 2453 782 2497 ea
804 2432 893 2497 dicta
915 2433 989 2512 sint,
1011 2432 1220 2497 manifestum
1242 2437 1302 2496 est.
1337 2431 1459 2496 Contra

268 2537 309 2601 ad
322 2536 514 2620 gravismma
528 2535 697 2600 Aeschinis
709 2541 902 2619 argumenta
913 2536 1156 2620 responsionem
1169 2534 1265 2600 hodie
1278 2536 1460 2619 reperimus

267 2639 408 2719 nullam,
439 2638 497 2703 sed
526 2638 607 2703 nihil
636 2639 782 2704 ridemus
811 2640 875 2703 nisi
902 2639 1027 2723 probra
1048 2645 1082 2704 et
1107 2640 1263 2704 convicia.
1306 2643 1460 2703 Attamen

267 2743 430 2809 Frankins
462 2741 583 2826 aliique
613 2749 746 2808 censent
772 2748 939 2808 oratorem
965 2743 1072 2827 ipsum
1092 2764 1284 2827 persuasum
1306 2742 1460 2808 hahuisse

268 2854 424 2925 actorem,
436 2845 497 2915 ido
508 2855 578 2914 τῶν
590 2846 706 2933 νόμων
716 2848 772 2914 καὶ
784 2851 1023 2933 circumsedes·
1035 2846 1209 2931 φάσκοντα
1224 2852 1417 2932 φροντίζειν
1424 2848 1460 2929 ¹),

268 2952 389 3016 iniuria
411 2950 453 3015 ad
475 2949 564 3033 leges
586 2970 774 3035 provocare.
819 2950 863 3014 Et
889 2950 1060 3033 quisquam
1084 2950 1266 3027 dubitabit,
1294 2951 1372 3034 quin
1398 2950 1460 3014 De-

270 3054 455 3119 mosthenes
483 3059 576 3118 ratus
602 3053 693 3118 illum
716 3052 801 3119 falsa
826 3052 947 3118 dixisse
978 3074 1051 3118 oum
1071 3076 1132 3138 per
1153 3060 1258 3119 totam
1280 3054 1460 3119 orationem

269 3164 339 3223 tum
368 3156 420 3223 his
450 3157 483 3220 in
512 3156 729 3241 paragraphis
758 3158 899 3221 maxime
929 3177 1063 3242 operam
1097 3157 1234 3223 daturus
1266 3158 1381 3237 merit,
1423 3161 1462 3222 ut

271 3261 493 3327 adversarium
522 3260 663 3344 speciem
695 3260 876 3326 defensoris
908 3261 1017 3345 legum
1051 3282 1132 3345 prae
1158 3281 1194 3326 se
1223 3260 1380 3326 ferentem
1413 3260 1461 3324 in·

272 3365 468 3448 tegumentis
491 3362 758 3429 dissimulationis
787 3366 882 3447 quasi
907 3365 1093 3430 evolveret?
1137 3364 1296 3448 Equidem
1319 3365 1463 3430 arbitror

272 3490 345 3534 eum
373 3488 437 3533 non
467 3466 569 3533 solum
602 3467 743 3547 iudices,
769 3488 810 3532 ne
841 3469 990 3533 mendaci
1016 3469 1072 3533 isti
1096 3468 1219 3533 homini
1240 3467 1338 3533 fidem
1361 3468 1462 3534 ullam

271 3570 442 3651 haherent,
459 3570 711 3649 admoniturum,
727 3570 784 3635 sed
793 3572 1020 3650 etiamomnes,
1035 3592 1118 3655 quos
1130 3571 1279 3649 credidit,
1294 3571 1462 3636 Aeschinis

272 3674 364 3740 dolos
386 3674 467 3739 satis
489 3680 679 3757 aperturum
701 3674 810 3739 fuisse.

358 3778 474 3843 Restat
496 3798 581 3857 vero,
603 3784 642 3842 ut
662 3780 884 3844 examinemus
906 3779 1100 3844 sententiam
1121 3780 1225 3863 priori
1245 3779 1342 3863 plane
1357 3778 1461 3843 diver·

274 3902 359 3961 sam,
391 3901 487 3964 quam
519 3880 575 3945 alii
607 3881 667 3946 viri
698 3882 785 3947 docti
813 3881 856 3947 ad
879 3882 1105 3966 explicandam
1127 3883 1244 3947 miram
1266 3882 1463 3948 defensionis

274 3985 466 4051 brevitatem
501 3982 717 4068 protulerunt.
771 3986 1054 4070 Caemmererus²)
1091 3987 1175 4050 enim
1212 3987 1462 4052 Demosthenem

275 4089 335 4154 has
374 4108 426 4153 res
456 4087 603 4153 consulto
633 4088 822 4154 brevissime
851 4090 999 4173 attigisse
1029 4097 1156 4168 censet,
1193 4090 1314 4173 quippe
1344 4090 1462 4173 quibus

276 4212 376 4257 causa
410 4190 629 4275 Ctesiphontis
667 4192 826 4257 infirmior
863 4198 965 4273 esset,
1007 4194 1176 4259 Aeschinis
1204 4194 1254 4257 rel
1287 4194 1462 4277 plurimum

364 4438 388 4504 l)
408 4433 449 4488 cf.
468 4431 548 4487 Dem.
567 4450 607 4487 or.
628 4431 645 4504 ᾖ
663 4434 723 4487 292.

361 4520 590 4590 ffihcpffl
