3242 5259
586 524 836 616 V-se-

131 688 304 771 diligenter
326 694 474 754 versatus
497 694 555 767 est,
586 691 737 773 quoniam
765 712 824 755 nec
845 689 979 755 nimium
1003 714 1062 755 uec
1083 713 1199 774 parum
1222 692 1325 757 multa

131 792 475 860 lineamenta·
500 792 584 857 Nam
614 815 655 858 ne
685 815 748 859 uno
780 794 911 877 quidem
934 816 974 859 ex
997 794 1078 859 locis
1099 793 1163 860 illis
1182 796 1324 879 quadra·

132 897 222 979 ginta
252 895 377 976 tribus,
409 896 527 981 quibus
562 896 603 960 ad
634 898 875 963 accusationem
904 899 1054 982 respicit,
1084 904 1179 963 extra
1202 900 1324 965 calcem

131 1000 285 1065 decurrit.
330 1000 457 1065 Minora
488 1005 596 1065 autem
625 1000 741 1080 verba,
773 1023 872 1084 quam
901 1023 986 1084 quae
1012 1004 1046 1066 in
1069 1022 1169 1068 causa
1190 1003 1322 1084 lecerat,

131 1105 163 1168 in
203 1106 359 1188 scriptam
396 1106 576 1171 orationem
607 1125 679 1169 eum
708 1106 871 1190 recepisse
903 1108 1034 1171 minime
1062 1105 1234 1191 probabile
1262 1114 1323 1186 est,

132 1207 218 1291 qnod
256 1210 364 1277 omnia
396 1208 464 1273 fere
495 1207 663 1273 Aeschinis
695 1216 905 1293 argumenta,
941 1231 1026 1293 quae
1055 1210 1206 1276 defensor
1236 1212 1323 1295 apud

133 1311 290 1377 heliastas
320 1311 498 1391 refutasse,
529 1313 561 1377 in
588 1312 713 1376 edenda
744 1317 853 1378 autem
880 1313 1111 1399 Ctesiphontea
1142 1314 1323 1397 neglexisse

131 1415 267 1495 videtur,
296 1416 527 1481 retractandae
551 1416 679 1481 demum
703 1418 903 1482 accusationi
924 1419 1049 1483 inserta
1071 1423 1155 1483 sunt.
1199 1418 1324 1484 Ceteris

131 1518 269 1603 denique
297 1519 392 1599 locis,
424 1519 542 1603 quibus
564 1519 792 1586 Demosthenis
821 1522 1030 1587 taciturnitas
1060 1521 1111 1587 his
1141 1521 1323 1588 rationibus

132 1623 288 1706 explicari
317 1646 381 1688 non
413 1629 538 1708 potest,
570 1623 782 1689 difficultates
814 1625 1032 1708 expediendas
1060 1645 1125 1690 non
1156 1647 1226 1691 esse
1249 1648 1322 1709 per-

131 1729 293 1811 speximus
316 1728 376 1793 nisi
399 1749 436 1792 eo
453 1727 558 1807 modo,
580 1733 617 1792 ut
633 1727 811 1794 defensoris
834 1728 934 1794 verba
957 1731 1087 1813 integra
1110 1730 1152 1794 ad
1175 1737 1322 1798 nostram

131 1837 273 1897 aetatem
313 1833 439 1897 venisse
479 1852 642 1915 negemus.
688 1831 792 1910 Quam
830 1833 873 1897 ad
909 1835 1128 1899 coniecturam
1159 1856 1259 1919 supra
1288 1836 1321 1899 in

131 1935 313 2000 tractandis
352 1935 569 2022 paragraphis
611 1940 671 2001 120
697 1942 730 2001 et
763 1941 821 2003 121
857 1937 990 2002 adducti
1020 1960 1146 2017 sumus;
1185 1939 1320 2003 eandem

129 2040 214 2103 viam
237 2039 279 2103 ad
294 2041 517 2123 quaestionem
539 2038 579 2105 de
596 2039 743 2105 Sirenum
767 2043 1010 2124 comparatione
1026 2041 1256 2107 absolvendam
1272 2043 1320 2106 in·

130 2142 220 2225 gredi
236 2165 397 2227 cogemur,
420 2146 448 2208 si
463 2143 597 2228 perinde
609 2150 707 2228 atque
725 2144 958 2227 explicationes
974 2145 1080 2211 adhuc
1097 2150 1318 2229 pertractatas

41 2270 44 2277 ’
130 2252 255 2311 ceteras
278 2268 406 2331 quoque
429 2248 606 2313 sententias
630 2247 670 2312 de
693 2247 755 2312 hac
773 2269 808 2311 re
830 2248 979 2332 prolatas
1001 2251 1216 2315 reiecerimus.

214 2351 322 2434 Atque
351 2350 438 2435 qnod
465 2352 582 2416 attinet
613 2350 654 2415 ad
684 2352 888 2417 coniecturas
913 2353 1004 2432 illas,
1037 2375 1121 2436 quae
1153 2352 1319 2419 Schaeferi

130 2461 375 2539 ceterorumque
414 2456 556 2539 opinioni
591 2455 758 2539 proximae
795 2456 951 2520 accedere
980 2456 1148 2534 uidentur,
1186 2457 1320 2541 flub01)

130 2560 322 2624 sententiam
343 2560 523 2642 proposuit,
552 2580 650 2642 quam
674 2558 817 2624 breviter
840 2562 1026 2624 examinare
1048 2560 1213 2625 debemus.
1258 2562 1320 2639 Qui

129 2664 176 2727 vir
220 2662 400 2727 arbitratus
436 2662 640 2727 defensorem
674 2664 854 2728 orationem
888 2665 921 2728 in
954 2663 1121 2746 publicum
1154 2665 1318 2731 editurum

127 2767 289 2850 permulta
315 2766 366 2830 vel
396 2766 436 2831 ad
460 2768 640 2849 marginem
664 2768 888 2831 commentarii
911 2772 987 2831 ante
1013 2767 1169 2833 iudicium
1191 2770 1318 2835 exarati

129 2870 340 2953 adscripsisse
370 2870 420 2934 vel
448 2871 481 2935 in
511 2870 638 2935 schedis
671 2871 826 2936 volumini
855 2870 962 2935 affixis
992 2873 1196 2954 exposuisse,
1233 2872 1318 2937 hanc

128 2975 235 3057 operis
258 2980 386 3057 partem
411 2974 452 3039 ad
475 2973 572 3039 finem
595 2995 657 3039 non
679 2974 872 3059 perductam
888 2994 958 3039 esse
974 2981 1092 3040 censet.
1137 2976 1216 3041 Cum
1233 2977 1317 3041 enim

46 3124 49 3132 «
126 3099 318 3161 persuasum
340 3077 462 3143 habeat
477 3077 687 3143 Demostheni
710 3080 743 3142 iu
767 3080 875 3144 animo
899 3077 998 3142 fuisse
1018 3099 1082 3143 non
1097 3080 1203 3145 minus
1218 3102 1317 3164 quam

127 3187 246 3260 cetera,
269 3203 353 3266 quae
375 3181 462 3265 apud
484 3181 607 3245 iudices
631 3202 670 3245 ex
692 3188 839 3265 tempore
861 3181 999 3260 dixerat,
1024 3182 1172 3248 Sirenum
1188 3206 1317 3268 qnoque

127 3287 403 3370 comparationem
435 3285 633 3367 evulgandae
664 3287 804 3351 orationi
836 3287 997 3364 inserere,
1029 3287 1061 3351 in
1084 3286 1316 3371 Ctesiphontea

125 3410 201 3454 uero
225 3411 284 3453 nec
306 3390 383 3454 vola¹
402 3411 461 3453 nec
484 3390 654 3471 vestigium
677 3399 746 3458 τῶν
769 3389 946 3476 Σειρήνων
966 3390 1159 3469 inveniatur,
1182 3390 1316 3456 dubium

127 3494 156 3557 ei
184 3513 246 3557 non
278 3498 346 3571 est,
377 3494 454 3576 quin
481 3492 631 3557 defensor
654 3493 764 3575 aliqua
787 3514 903 3570 causa,
934 3495 1104 3577 quominus
1126 3493 1161 3558 id
1181 3494 1314 3573 faceret,

124 3595 299 3680 impeditus
318 3597 368 3661 sit.
414 3596 498 3674 Quid
522 3601 630 3660 autern
646 3595 746 3661 fuisse
769 3597 817 3659 vir
839 3596 955 3661 doctus
975 3602 1087 3680 putat,
1118 3619 1176 3662 cur
1198 3599 1314 3663 Demo-

125 3699 256 3767 sthenes
290 3700 469 3765 craticnem
501 3698 541 3763 de
574 3720 694 3764 corona
726 3698 874 3764 habitam
907 3720 970 3765 ucn
1003 3700 1106 3765 solum
1142 3700 1183 3765 ad
1217 3701 1313 3765 finem

125 3803 289 3869 scribendi
318 3825 381 3867 non
410 3802 620 3887 perduceret,
650 3803 706 3868 sed
735 3825 775 3867 ne
805 3803 918 3868 ederet
939 3803 1070 3887 quidem
1091 3805 1185 3889 ipse?
1229 3805 1314 3869 Num

123 3914 213 3973 recte
242 3906 366 3973 iudicat
387 3907 483 3972 Hubo
516 3906 624 3971 dicens
647 3907 859 3972 Demostheni
887 3908 920 3971 in
947 3929 983 3971 re
1012 3906 1145 3991 publica
1173 3910 1313 3974 maxime

125 4017 283 4095 occupato
314 4032 386 4074 cum
415 4015 490 4075 ante
514 4016 583 4075 tum
605 4017 681 4093 post
703 4010 793 4075 litem
816 4011 1079 4095 Ctesiphonteam
1102 4032 1162 4076 nec
1183 4014 1313 4105 licuisse

124 4136 183 4179 nec
212 4114 346 4179 libuisse
375 4114 513 4179 multum
542 4114 697 4198 temporis
728 4114 922 4179 subtrahere
949 4116 1088 4198 negotiis
1117 4116 1256 4199 publicis
1280 4124 1312 4182 et

123 4219 156 4282 iu
187 4216 357 4282 scribendo
389 4216 570 4281 collocare?
614 4216 754 4283 Minime.
799 4219 882 4282 Nam
907 4219 1048 4303 primum
1075 4219 1207 4302 quidem
1226 4222 1311 4287 inter

125 4327 249 4386 ceteros
280 4322 348 4385 fere
378 4342 487 4384 omnes
515 4320 602 4385 viros
632 4320 745 4386 doctos
775 4323 923 4386 convenit
945 4323 990 4386 eis
1013 4323 1092 4405 ipsis
1123 4326 1224 4403 annia,
1255 4327 1311 4409 qui

183 4480 185 4485 Ι
211 4512 237 4578 1)
255 4508 299 4564 De
318 4508 514 4565 Demosthenis
533 4510 657 4565 oratione
676 4509 876 4579 Ctesiphontea
892 4530 919 4581 p.
937 4512 972 4566 29
989 4529 1048 4581 sqq.
