3242 5259
818 562 1034 635 *36*

333 755 493 827 occupare
532 746 677 807 conatur.
729 742 881 823 Legimus
918 748 1026 807 autem
1066 742 1314 808 Demosthenem
1355 742 1522 807 Aeschinis

332 852 482 910 naturam
508 866 579 909 cum
597 843 763 909 Sirenibus
787 863 978 929 comparare
1001 852 1100 929 atque
1123 867 1284 929 exponere
1307 845 1389 911 velle
1408 847 1520 911 eodem

332 949 443 1029 modo,
476 970 542 1033 quo·
569 969 696 1025 omnes,
727 948 782 1030 qui
806 948 954 1013 Sirenum
979 955 1076 1015 cantu
1098 949 1319 1033 decipiantur,
1348 938 1522 1028 intereant,
1595 1009 1596 1026 ,

332 1054 451 1118 actoris
482 1073 592 1122 vocem
621 1052 829 1117 audientibus
851 1074 1014 1136 nunquam
1039 1053 1195 1139 perniciei
1217 1075 1281 1119 non
1306 1074 1389 1121 esse.
1431 1055 1525 1132 Quae·

332 1156 432 1222 verba
455 1161 564 1222 utrum
586 1160 804 1243 praeparatae
827 1163 926 1239 atque
948 1153 1080 1221 habitae
1103 1174 1145 1222 an
1166 1162 1367 1223 retractatae
1382 1158 1524 1222 orationi

333 1260 532 1344 Aeschineae
555 1257 764 1325 attribuenda
798 1259 872 1337 sint,
901 1260 1043 1325 nondum
1067 1260 1298 1327 diiudicemust
1326 1267 1466 1343 utraque
1488 1262 1521 1325 in

331 1382 367 1429 re
390 1363 477 1449 apud
502 1363 749 1433 Demosthenem
774 1360 876 1427 verba
898 1362 940 1427 ad
963 1364 1180 1429 accusationis
1200 1363 1426 1449 paragraphus
1447 1363 1522 1429 illas

333 1472 395 1535 228
420 1473 453 1533 et
474 1472 536 1533 229
557 1466 739 1551 spectantia
754 1466 963 1549 quaesiveris.
1001 1458 1138 1533 Frustra
1153 1490 1229 1533 vero
1244 1468 1523 1552 circumspexeris,

332 1593 403 1637 cum
427 1571 579 1637 defensor
600 1570 689 1635 nullo
710 1571 782 1635 loco
806 1571 1060 1654 comparationis
1083 1564 1169 1637 illius
1193 1573 1389 1637 mentionem
1411 1570 1522 1637 faciat.

331 1676 511 1743 Iustissime
540 1675 641 1758 igitur
667 1674 813 1739 homines
840 1674 921 1739 artis
944 1675 1079 1741 criticae
1101 1676 1199 1759 periti
1221 1676 1254 1741 iu
1277 1676 1340 1741 hac
1363 1696 1398 1741 re
1421 1675 1522 1741 offen·

332 1779 451 1844 derunt
481 1784 580 1863 atque
610 1799 742 1861 operam
773 1774 949 1857 dederunt,
982 1783 1018 1843 nt
1047 1778 1274 1845 Demosthenis
1306 1781 1407 1844 mirae
1441 1780 1523 1845 taci-

332 1882 499 1947 turnitatis
523 1902 654 1947 causam
679 1880 896 1966 explorarent.
942 1876 1026 1961 Quia
1047 1888 1156 1947 autem
1173 1878 1356 1966 disquisitio
1372 1882 1525 1948 subtilior

332 1983 428 2050 adid
451 1990 579 2069 tempus
603 2006 665 2049 non
688 1984 840 2050 instituta
862 1991 912 2049 est
934 2006 982 2062 ac,
1004 1992 1086 2070 quot
1106 1986 1166 2051 viri
1190 1986 1274 2051 hunc
1296 1972 1365 2051 rem
1389 2007 1523 2071 percur-

332 2094 454 2168 rerunt,
484 2094 535 2154 tot
563 2089 632 2153 iere
654 2094 895 2172 proposuerunt
917 2090 1104 2168 sententias,
1135 2088 1223 2155 haud
1246 2111 1523 2175 supervacaneum

332 2192 409 2257 mihi
433 2192 570 2271 videtur,
593 2192 816 2276 quaestionem
838 2191 944 2257 denuo
965 2193 1110 2277 aggredi.
1346 2259 1350 2266 ,

419 2297 610 2375 Quaeritur,
649 2302 757 2359 utrum
789 2295 959 2360 Aeschinis
997 2297 1197 2381 paragraphi
1236 2303 1298 2363 228
1327 2303 1360 2362 et
1390 2302 1452 2363 229
1489 2298 1524 2361 in
1595 2335 1596 2356 .

331 2399 452 2466 iudicio
484 2399 591 2464 dictae
621 2420 661 2463 an
692 2398 836 2463 edendae
866 2400 1007 2464 orationi
1028 2406 1143 2484 postea
1168 2401 1310 2467 insertae
1332 2402 1406 2466 sint.
1452 2400 1525 2465 Hoc
1595 2411 1596 2416 ’

332 2506 358 2568 si
394 2504 582 2581 statuimus,
612 2502 793 2567 mirandum
823 2508 887 2582 est,
918 2503 1004 2585 quod
1036 2504 1262 2570 Demosthenis
1291 2504 1331 2569 de
1354 2504 1526 2570 Sirenihus
1595 2557 1596 2568 .

332 2613 572 2690 argumentum,
605 2606 691 2690 quod
719 2607 919 2671 excitaverat
941 2607 1119 2671 adversarii
1142 2608 1384 2691 responsionem
1407 2614 1525 2692 postea

331 2712 492 2789 additam,
533 2711 565 2773 in
601 2708 804 2775 defensione
824 2731 887 2775 non
923 2711 1093 2775 invenitur.
1139 2711 1222 2777 lllud
1253 2712 1281 2778 si
1308 2732 1419 2777 verum
1452 2733 1524 2776 esse

331 2823 493 2899 putamus,
522 2815 555 2878 in
588 2833 626 2878 eo
656 2812 883 2879 offendendum
913 2821 972 2895 est,
1004 2814 1092 2898 quod
1121 2817 1321 2898 comparatio
1345 2814 1386 2880 ab
1410 2822 1525 2879 actore

331 2925 573 3003 praeoccupata
601 2937 621 2981 a
652 2916 868 2981 Demosthene
898 2940 1004 3002 neque
1032 2920 1065 2984 in
1095 2918 1237 2984 medium
1263 2918 1430 3003 profertur
1462 2940 1525 2983 nec
1595 2919 1596 2976 ἒ

331 3022 466 3087 reicitur
505 3042 610 3103 neque
648 3021 777 3085 omnino
808 3022 988 3105 attingitur.
1034 3023 1187 3087 Diversae
1215 3009 1315 3106 igitur
1345 3022 1378 3086 in
1410 3027 1525 3106 partes

332 3126 391 3190 riri
422 3125 509 3189 docti
539 3123 725 3188 discedunt:
755 3123 887 3209 plurimi
919 3125 1048 3209 quidem
1073 3146 1137 3190 non
1161 3126 1328 3204 dubitant,
1358 3126 1436 3209 quin
1460 3126 1523 3189 Ae-

332 3227 459 3293 schines
482 3221 568 3312 apud
584 3226 740 3291 hcliastas
756 3223 797 3292 ab
815 3228 1003 3293 adversario
1020 3229 1112 3295 Siren
1128 3229 1312 3315 appellatus
1327 3230 1360 3293 in
1376 3228 1524 3294 oratione

332 3331 544 3403 retractanda
577 3330 705 3395 demum
735 3330 820 3396 hanc
851 3334 1125 3416 comparationem
1157 3333 1319 3417 depellere
1342 3333 1523 3414 studuerit;

331 3450 391 3500 nec
424 3448 499 3501 vero
536 3434 669 3514 desunt,
705 3435 759 3517 qui
796 3436 1014 3501 accusationis
1046 3437 1271 3521 paragraphos
1304 3436 1377 3502 illas
1409 3458 1521 3502 reram

332 3538 566 3603 subiectionem
590 3538 754 3603 continere
778 3538 917 3622 ideoque
939 3539 1053 3604 iamin
1077 3541 1149 3624 ipsa
1172 3562 1272 3605 causa
1286 3541 1433 3624 prolatas
1450 3562 1523 3606 esse

332 3643 512 3725 opinentur.
539 3636 700 3720 ¹Quorum
725 3642 902 3708 sententias
925 3643 1063 3727 primum
1088 3643 1216 3727 quidem
1240 3644 1469 3709 examinemus.

339 3828 340 3831 η
417 3781 487 3864 §A
532 3781 638 3861 Atque
678 3786 753 3844 ante
788 3780 871 3846 alios
900 3781 1080 3865 Franki01)
1117 3804 1309 3867 persuasum
1345 3787 1395 3847 est
1433 3784 1521 3866 apud

331 3882 455 3947 iudices
493 3888 526 3947 et
558 3882 747 3947 Aeschinem
777 3885 1017 3968 paragraphos·
1034 3891 1096 3951 228
1125 3893 1159 3950 et
1189 3890 1251 3950 229
1283 3885 1431 3951 attulisse
1460 3908 1523 3951 nec

331 3993 440 4051 tamen
458 3984 707 4051 Demosthenem
730 3986 877 4053 Sirenum
901 3990 1154 4073 comparationis
1178 3991 1371 4055 mentionem
1394 3990 1522 4055 fecisse.

331 4088 491 4155 Defensor
512 4094 621 4154 autem
637 4089 778 4153 ¹Franlrio
800 4091 929 4155 videtur
948 4092 1127 4157 adversarii
1143 4093 1375 4157 subiectionem
1392 4094 1524 4158 silentio

330 4193 540 4276 praeteriisse
581 4202 639 4256 ant
676 4194 752 4276 quia
791 4200 880 4258 recte
918 4202 1061 4259 actorem
1091 4197 1328 4279 praesagivisse
1359 4205 1416 4261 ant
1444 4199 1525 4280 quia

332 4295 528 4361 divinatione
570 4316 641 4361 eum
681 4297 852 4383 deceptum
889 4320 959 4362 esse
993 4298 1207 4363 intellexisset
1240 4301 1259 4363 i.
1291 4320 1317 4363 e.
1351 4307 1408 4364 aut
1444 4304 1525 4383 quia

331 4436 537 4446 -2————

418 4506 443 4572 1)
463 4502 494 4557 L.
515 4521 537 4557 c.
557 4522 583 4572 p.
603 4506 653 4557 376
673 4522 731 4573 sqq.
