3242 5259
618 596 834 676 ..μς-,μ

129 765 285 845 admirari
301 779 427 856 vellent,
450 786 518 845 tum
536 802 655 861 omnes,
680 783 734 865 qui
751 782 799 845 liti
818 804 880 846 non
897 781 1121 860 interfuerant,
1139 768 1317 865 cupiditate

130 890 162 949 et
194 886 432 949 accusationem
463 890 495 949 et
525 884 745 951 defensionem
772 887 899 969 legendi
921 885 1083 950 arderent.
1130 887 1220 965 Quae
1243 907 1317 950 cum

128 987 175 1051 ita
200 994 322 1067 essent,
352 987 448 1052 facile
476 994 525 1054 est
555 989 596 1054 ad
626 988 877 1073 intellegendum
903 988 1093 1053 Aeschinem
1127 990 1316 1069 orationem,

128 1096 367 1156 monumentum
399 1092 479 1157 illud
510 1093 612 1157 cladis
641 1098 811 1177 acceptae,
843 1115 906 1157 nou
936 1094 1140 1157 immutatam
1168 1092 1317 1173 edidisse,

128 1194 185 1258 sed
221 1195 357 1275 enisum,
396 1202 433 1261 ut
461 1197 615 1261 innocens
646 1197 819 1261 damnatus
845 1216 916 1261 esse
945 1196 1126 1277 videretur,
1163 1197 1318 1263 nonnulla

127 1304 270 1363 mutasse
293 1320 332 1363 ac
353 1300 448 1365 modo
470 1300 616 1365 omisisse
639 1300 810 1384 quaedam,
833 1299 929 1364 modo
944 1300 1111 1364 adiecisse.
1157 1299 1221 1364 Sed
1237 1301 1314 1384 quid

126 1402 379 1469 Demosthenem
410 1402 563 1469 habuisse
593 1409 707 1488 putas,
738 1403 825 1487 quod
855 1425 926 1467 eam
958 1404 1136 1469 orationem
1166 1410 1316 1485 mutaret,

127 1528 224 1589 quam
243 1508 384 1589 magnis
413 1528 486 1571 cum
520 1508 689 1591 plausibus
726 1506 989 1589 clamoribusque
1026 1512 1154 1572 orasset
1187 1529 1316 1593 quaque

126 1610 251 1674 animos
285 1616 318 1675 et
344 1611 489 1677 iudicum
521 1619 553 1676 et
581 1612 755 1704 multorum
779 1612 903 1676 milium
926 1611 1126 1677 audientium
1147 1611 1317 1677 vehemen-

126 1714 250 1778 tissime
273 1715 450 1780 movisset‘?
494 1717 601 1799 Atque
625 1714 786 1799 quomodo
811 1714 1006 1779 Schaeferus
1028 1714 1181 1798 opinatur
1207 1714 1317 1781 defen-

127 1838 232 1881 sorem
244 1818 344 1883 verba
356 1819 444 1904 apud
456 1819 580 1885 iudices
593 1818 680 1883 facta
692 1824 879 1903 amputasse
890 1839 950 1883 neo
961 1806 1128 1883 dubitasse
1137 1819 1316 1883 orationem

127 1941 165 1984 eo
181 1922 276 1985 modo
290 1921 483 1988 deteriorem
501 1922 618 1999 facere,
634 1923 802 1988 cumidem
817 1925 887 2008 ipse
902 1943 962 2007 pro
975 1921 1144 2006 explorato
1156 1922 1317 2008 habeat1),

126 2024 222 2103 „dass
254 2025 488 2091 Demosthenes
528 2047 568 2091 au
600 2026 688 2091 einer
718 2025 1064 2110 Verteidiguugsrede,
1099 2025 1150 2090 die
1181 2025 1252 2091 eine
1280 2047 1316 2091 so

126 2122 302 2221 glbnzende
318 2128 477 2213 Wirkung
500 2129 621 2213 gehabt
636 2129 737 2209 hatte,
759 2129 850 2195 nicht
865 2130 1001 2213 unniitig
1016 2129 1192 2193 tinderte?“
1231 2129 1315 2194 Sane

126 2231 256 2313 quidem
289 2232 492 2299 defensorem
516 2234 697 2299 orationem
718 2233 864 2299 habitam
888 2255 959 2298 non·
976 2233 1018 2298 ad
1040 2232 1174 2298 uerbum
1197 2233 1316 2299 litteris

125 2334 298 2401 mandasse
326 2358 429 2422 aeque
460 2337 631 2421 probabile
664 2343 713 2402 est
735 2344 834 2421 atque
858 2358 930 2402 eum
953 2336 1216 2421 Ctesiphonteam
1238 2336 1317 2401 lima

125 2446 331 2521 persecutum
359 2440 529 2506 nonnullas
552 2463 605 2506 res
628 2440 716 2525 apud
738 2440 895 2506 heliastas
917 2445 1077 2505 tractatas
1100 2439 1317 2523 amplificasse

125 2546 159 2605 et
187 2544 372 2609 accuratius
396 2543 591 2609 elaborasse.
638 2543 702 2609 Sed
726 2550 763 2609 ut
786 2544 933 2609 consulto
956 2550 1150 2627 argumenta
1169 2552 1316 2628 praeter·

126 2646 279 2725 mitteret,
310 2668 393 2732 quae
417 2656 474 2714 aut
496 2649 617 2714 actoris
642 2648 793 2712 conviciis
818 2648 969 2733 opposita
991 2652 1086 2712 erant
1109 2655 1166 2712 aut
1187 2653 1314 2713 tantum

126 2748 167 2813 ad
191 2751 452 2833 persuadendum
469 2753 675 2817 auctoritatis
691 2751 868 2831 habebant,
890 2757 1047 2835 quantum
1064 2752 1213 2816 Sirenum
1229 2770 1315 2817 com-

124 2854 264 2936 paratio,
286 2860 353 2918 tam
377 2856 475 2921 stulte
499 2842 571 2921 eum
595 2856 710 2920 fecisse
728 2856 918 2938 neutiquam
934 2855 1067 2939 probari
1083 2860 1201 2939 potest.
1233 2854 1314 2919 *Nec

126 2956 231 3021 minus
263 2978 283 3021 a
316 2977 392 3024 vero
426 2959 612 3040 aberrabis,
654 2960 681 3023 si
716 2959 964 3023 Demosthenem
999 2959 1154 3023 memoria
1186 2952 1314 3041 lapsum

126 3066 319 3143 argumenta
350 3062 509 3145 quaedam
539 3063 685 3127 omisisse
710 3061 933 3127 arbitraberis
978 3061 1065 3127 Nam.
1085 3061 1163 3145 quid
1186 3062 1315 3127 omnino

127 3163 167 3227 de
191 3165 332 3229 oratoris
356 3166 483 3230 ratione
507 3166 669 3231 scribendi
691 3165 840 3231 iudicas?
884 3165 967 3230 Num
993 3164 1147 3231 credibile
1170 3172 1220 3230 est
1242 3187 1314 3230 eum

124 3269 281 3332 memoria
302 3274 429 3333 tantum
452 3271 562 3335 nixum
584 3276 687 3335 totam
708 3268 970 3353 Ctesiphonteam
987 3270 1104 3334 litteris
1119 3269 1329 3334 mandasse?-

125 3371 227 3436 lmmo
248 3393 325 3437 vero
348 3394 406 3437 cur
427 3375 512 3439 inter
531 3374 709 3438 orationem
726 3372 872 3438 habitam
896 3380 929 3437 et
950 3373 1106 3457 scriptam
1127 3379 1194 3436 tam
1210 3394 1316 3456 pauca

125 3474 328 3558 discrepent,
359 3477 514 3561 explicari
544 3498 607 3541 non
638 3482 747 3559 potest
778 3476 839 3541 uisi
865 3477 1042 3541 statuimus
1064 3476 1315 3541 Demosthenem

125 3584 159 3642 et
182 3579 338 3662 singulari
361 3582 516 3645 memoria
538 3581 637 3645 fuisse
654 3587 686 3645 et
702 3579 744 3644 ad
761 3578 920 3643 edendam
936 3580 1115 3644 orationem
1132 3580 1315 3648 nonssolum

125 3684 357 3747 commentario
394 3706 487 3750 usum
519 3706 604 3763 esse,
632 3685 665 3747 in
694 3703 759 3766 quo
789 3688 864 3747 aute
897 3682 980 3747 diem
1013 3683 1123 3747 iudicii
1154 3682 1316 3771 permulta

124 3792 318 3869 argmenta
347 3786 582 3868 elaboraverat,
612 3787 668 3851 sed
700 3787 796 3851 etiam
822 3786 980 3865 chartula,
1008 3787 1042 3850 in
1071 3808 1167 3869 quam
1189 3787 1223 3850 in
1242 3788 1316 3870 ipsa

125 3911 226 3955 causa
251 3889 410 3955 notabilia
441 3898 658 3974 congesserat.
709 3890 792 3954 Nam
813 3890 885 3954 sine
905 3889 1003 3955 dubio
1027 3890 1179 3955 defensor
1201 3890 1315 3955 eodem

125 3993 238 4073 modo,
268 4014 332 4076 quo
360 4014 470 4059 omnes
495 3995 591 4059 hodie
619 3994 790 4072 causidici,
823 3994 898 4059 dum
930 3992 1106 4058 Aeschines
1136 3994 1315 4059 orationem

123 4096 285 4174 habebat,
316 4103 349 4161 et
378 4099 635 4176 criminationes,
668 4118 748 4180 quas
777 4104 870 4161 actor
896 4096 1091 4161 adversariis
1122 4098 1249 4176 intulit,
1283 4103 1316 4161 et

100 4200 272 4264 recentia
303 4208 510 4283 argumenta,
542 4222 626 4284 quae
658 4200 699 4264 ad
727 4200 799 4265 illas
821 4199 1010 4265 refutandas
1034 4200 1096 4284 ipsi
1115 4201 1150 4264 in
1174 4206 1314 4264 mentem

124 4310 300 4383 venerunt,
335 4305 367 4367 in
398 4303 578 4368 chartulam
611 4305 757 4369 coniecit.
802 4305 872 4382 Quo
903 4304 998 4367 modo
1030 4325 1097 4367 rem
1126 4325 1160 4367 se
1191 4304 1315 4369 habere

215 4530 239 4596 1)
259 4528 292 4582 L.
312 4546 334 4581 c.
354 4526 403 4581 III
421 4530 438 4580 2
455 4543 482 4597 p.
501 4527 542 4581 79.

1091 4616 1110 4667 4
