3242 5259
610 612 653 651 ,--
699 556 826 638 33--1

165 728 168 734 ¹
209 734 343 809 Constat
362 746 444 809 enim
467 747 552 810 inter
576 726 685 823 omnes
701 748 951 812 Demosthenem
972 747 1019 810 uti
1042 746 1123 810 alias
1147 743 1310 811 orationes

119 847 287 913 habendas
310 850 356 913 ita
379 848 642 933 Ctesiphonteam
664 851 750 916 domi
773 871 892 933 magna
915 872 986 914 cum
1007 839 1178 932 ¹diligentia
1201 849 1310 914 elabo-

119 972 218 1017 rasse.
263 953 380 1035 Itaque
411 953 506 1017 etiam
540 952 742 1019 desecando
765 954 947 1045 παρανόμῳ
971 953 1213 1037 responsionem
1237 975 1310 1017 eum

119 1070 335 1140 praeparasse
364 1078 457 1121 nemo
489 1057 631 1141 negabit.
676 1058 850 1123 Manifesta
873 1064 991 1136 autem,
1023 1058 1055 1121 id
1079 1057 1166 1140 qnod
1190 1057 1310 1121 Foxius

121 1160 364 1238 demonstravit,
396 1160 458 1224 hac
485 1161 518 1225 in
541 1164 730 1243 quaestione
753 1162 901 1246 superior
923 1162 1046 1240 fuisset,
1076 1161 1102 1225 si
1124 1161 1213 1242 leges
1235 1160 1310 1225 illae

119 1268 153 1327 et
175 1264 332 1329 vetustior
354 1270 387 1327 et
402 1264 597 1349 Dionysiaca
620 1266 662 1329 ab
687 1286 751 1340 uno
767 1271 920 1348 negatore
936 1272 1035 1347 atque
1051 1286 1114 1327 uno
1132 1264 1309 1346 eodemque
1351 1293 1356 1301 ·

118 1373 264 1451 tempore
288 1367 374 1431 latae
394 1367 539 1431 fuissent.
585 1368 679 1447 Quod
701 1389 765 1433 non
789 1369 889 1433 fuisse
910 1376 943 1433 et
965 1390 1005 1432 ex
1028 1367 1197 1431 Aeschinis
1213 1389 1309 1450 argu-

118 1472 317 1535 mentatione
341 1471 421 1535 satis
446 1471 552 1535 elucet
574 1479 607 1536 et
630 1472 671 1537 ab
695 1472 844 1537 omnibus
867 1473 944 1536 viris
967 1472 1088 1537 criticis
1111 1470 1309 1535 conceditur.

117 1574 355 1639 Nihilominus
377 1574 448 1639 fieri
471 1576 587 1659 potnit,
611 1582 647 1640 ut
663 1576 907 1655 Demosthenes,
930 1576 1120 1659 priusquam
1141 1576 1175 1637 in
1189 1574 1309 1638 iudicio

118 1678 421 1762 interpretationem
443 1679 610 1745 Aeschinis
633 1680 766 1760 audivit,
788 1680 892 1762 legem
910 1664 1137 1764 Dionysiacam
1161 1699 1225 1741 non
1249 1679 1310 1743 nisi

119 1772 272 1866 respectu
301 1784 419 1867 prioris
448 1782 528 1865 legis
559 1783 660 1848 latam
684 1804 754 1848 esse
778 1784 968 1867 opinaretur
992 1782 1130 1865 ideoque
1153 1802 1224 1846 eam
1250 1803 1309 1865 pro

119 1892 227 1970 parte,
264 1892 301 1950 ut
327 1886 374 1950 ita
404 1886 524 1975 dicam,
561 1887 657 1952 huius
682 1887 768 1971 'legis
797 1887 945 1952 haberet.
995 1886 1078 1950 Nam
1107 1886 1196 1950 haud
1233 1886 1309 1964 scio,

119 2010 160 2053 an
185 1974 420 2054 Demosthenes
450 1984 562 2055 e'odem
594 1992 690 2055 modo
716 2012 780 2073 quo
810 1992 1009 2075 posteriores
1032 1990 1100 2053 eius
1123 1988 1310 2053 defensores

103 2078 284 2175 ¹putaverit
312 2092 413 2159 verba
441 2094 499 2157 illa
520 2093 600 2177 legis
624 2095 838 2179 Dionysiaoae
860 2090 935 2181 μηδ’
961 2089 1014 2161 ὑπ’
1041 2090 1145 2160 ἄλλον
1167 2090 1310 2179 μηδενὸς
1348 2083 1351 2087 ’

119 2196 162 2261 ad
177 2202 309 2261 senatus
325 2184 501 2281 pophlique
518 2219 654 2263 coronas
670 2198 852 2276 referenda,
868 2205 994 2281 partem
1009 2198 1111 2280 igitur
1122 2196 1309 2261 vetustioris

119 2300 200 2391 legis
232 2301 426 2386 Dionysiaca
455 2301 609 2366 abolitam
641 2323 720 2385 esse.
775 2305 881 2384 Atque
911 2302 952 2366 ad
983 2302 1067 2365 banc
1097 2302 1178 2364 riam
1212 2300 1309 2364 etiam

118 2402 409 2489 Baerwinkelius1)
439 2405 472 2469 in
503 2406 704 2489 explicandis
736 2404 843 2470 verbis
873 2405 997 2491 νόμους
1026 2398 1218 2491 μεταποιῶν
1239 2410 1308 2470 κτλ.

118 2506 310 2586 adducitur,
350 2509 470 2592 qnippe
511 2510 567 2591 qui
611 2510 722 2575 dieat:
763 2510 857 2589 „Quo
893 2510 993 2591 igitur
1030 2515 1098 2573 tum
1137 2507 1310 2571 referenda
1347 2591 1349 2594 Ι

118 2616 226 2675 essent
256 2610 338 2676 haec
367 2612 481 2690 rerba,
514 2634 578 2677 non
609 2614 719 2688 video,
752 2614 814 2677 nisi
836 2613 922 2677 forte
946 2613 1036 2677 dicas
1059 2611 1309 2676 Demosthenem

117 2717 230 2779 totam
251 2715 355 2799 legem
380 2715 606 2800 Dionysiacam
634 2739 694 2801 pro
716 2724 810 2801 parte
834 2717 1020 2781 vetustioris
1044 2716 1125 2798 legis
1139 2708 1142 2713 ¹
1156 2714 1309 2779 habuisse

117 2823 168 2897 et,
199 2818 286 2901 quod
315 2820 594 2900 hancomisisset,
625 2822 817 2885 Aeschinem
842 2821 1047 2885 criminatum
1070 2826 1170 2883 esse“.
1215 2818 1308 2897 Quod

118 2942 315 3005 quamquam
332 2923 401 2987 viro
417 2922 513 2988 docto
528 2945 644 3007 parum
658 2924 814 2989 credibile
826 2924 962 3002 videtur,
978 2928 1097 3001 tamen,
1113 2928 1150 2986 ut
1161 2923 1308 3001 vidimus,

118 3025 212 3089 facile
242 3026 314 3091 fieri
343 3028 458 3110 potuit.
503 3028 713 3091 Demostheni
741 3029 843 3110 igitur
870 3048 1062 3111 persuasum
1092 3032 1181 3104 erat,
1213 3046 1307 3108 prae·

118 3130 230 3193 sertim
265 3151 337 3195 cum
368 3130 476 3213 priore
507 3137 653 3214 tempore
685 3137 718 3195 et
742 3132 813 3214 ipse
836 3136 869 3195 et
892 3130 946 3194 alii
968 3132 1002 3194 in
1024 3129 1154 3193 theatro
1178 3131 1307 3212 saepius

117 3234 264 3297 coronati
296 3240 419 3313 essent,
450 3255 509 3317 per
540 3234 644 3318 legem
675 3234 919 3319 Dionysiacam,
949 3234 983 3298 id
1013 3234 1100 3315 quod
1131 3233 1308 3297 vetustiore

117 3336 189 3419 lege
213 3343 388 3415 vetaretur,
418 3336 529 3421 populi
553 3344 585 3402 et
606 3344 738 3402 senatus
762 3358 898 3402 coronas
919 3338 952 3402 in
975 3337 1105 3401 theatro
1128 3336 1308 3400 renuntiari

115 3439 224 3505 licere.
269 3442 485 3519 Quamobrem
523 3442 555 3505 in
595 3442 735 3506 anacrisi
764 3442 884 3506 certior
912 3440 1019 3506 factus
1046 3441 1236 3505 Aeschinem
1265 3439 1306 3503 ad

116 3545 259 3627 priorem
281 3546 385 3627 legem
408 3550 659 3628 provocaturum
684 3566 754 3610 esse
778 3546 900 3628 optimo
922 3546 992 3609 iure
1015 3545 1114 3609 verba
1135 3543 1192 3606 illa
1213 3564 1306 3626 prae·

116 3667 235 3730 parare
258 3649 379 3731 potuit:
403 3645 468 3716 ἀλλ’
496 3645 566 3716 οὐδ’
586 3649 755 3736 αἰσχύνει.
775 3702 805 3716 ..
828 3648 953 3734 νόμους
968 3656 1166 3734 μεταποιῶν.
1198 3648 1306 3730 Suspi-

116 3756 210 3817 catus
234 3774 309 3815 vero
333 3752 555 3816 adversarium
580 3754 678 3817 etiarn
700 3753 786 3837 apud
809 3753 933 3817 iudices
955 3754 1163 3815 vetustiorem
1179 3756 1306 3815 tanturn

114 3855 221 3937 legem
238 3856 423 3933 allaturum,
443 3856 655 3939 Dionysiacae
672 3864 780 3921 autem
796 3856 877 3938 legis
892 3856 1118 3919 recitationem
1135 3862 1305 3919 cauturum

115 3978 203 4037 esse,
233 3960 266 4023 in
291 3960 521 4023 commentario
544 3962 713 4041 sequentia
735 3981 864 4042 qnoque
887 3959 987 4023 verba
1010 3958 1129 4022 litteris
1151 3959 1306 4022 mandare

22 4072 31 4081 ‘
115 4064 242 4145 potuit:
281 4072 350 4130 τῶν
389 4058 415 4129 δ’
448 4059 606 4146 ἀφαιρῶν
641 4064 740 4149 μέρη,
778 4060 836 4141 οὓς
867 4059 965 4141 ὅλους
994 4066 1126 4128 δίκαιον
1157 4052 1198 4148 ἦν
1228 4059 1305 4150 ιἰνα-

114 4165 363 4253 γιγνώσκεσθαι
385 4176 456 4244 τοῖς
477 4162 503 4251 μ’
531 4164 720 4252 ὀμωμοκόσι
744 4165 827 4233 κατὰ
850 4165 929 4245 ,τοὺς
954 4165 1077 4251 νόμους
1094 4174 1304 4251 ψηφιεῖσθαι.

115 4270 288 4333 Nonnullis
311 4274 420 4333 autem
444 4269 703 4359 cavillationibus
726 4269 922 4352 praemissis,
947 4269 1082 4332 adiectis
1099 4269 1179 4356 satis
1196 4265 1309 4333 multis*

132 4473 430 4563 ,1uacpm
