3242 5259
794 590 1009 667 ..epa

304 763 330 843 δ4
345 763 426 859 ὑμῖν
444 769 621 861 διεξῆλθον
640 772 718 852 τοὺς
740 775 815 857 περὶ
831 783 900 841 τῶν
918 772 1142 860 κηρυγμάτων
1157 762 1291 856 νόμους,
1305 760 1456 835 Reicbius
1468 763 1492 853 ¹)

303 877 390 942 haud
430 877 513 941 male
553 878 690 941 adnotat
727 899 767 941 ex
796 876 915 960 plurali
945 877 1000 940 illo
1031 874 1109 954 τοὺς
1133 930 1140 943 .
1165 929 1202 942 ..
1235 874 1360 960 νόμους
1391 875 1492 939 conici

304 1002 400 1066 posse
424 988 585 1046 oratorem
611 981 748 1046 duarum
772 981 888 1064 legum,
913 986 946 1044 et
966 980 1084 1063 prioris
1109 985 1141 1043 et
1166 978 1380 1063 Dionysiacae
1402 978 1492 1062 legis,

303 1086 497 1151 mentionem
520 1085 644 1151 fecisse.
690 1084 753 1152 Sed
778 1085 912 1149 remotis
935 1084 985 1147 his
1010 1082 1158 1149 omnibus
1175 1086 1252 1166 quin
1268 1087 1382 1162 totum,
1406 1082 1491 1165 quod

303 1188 345 1253 ad
375 1194 519 1253 nostram
544 1195 684 1254 aetatem
708 1187 804 1266 venit,
837 1193 937 1271 caput
960 1187 999 1251 de
1024 1206 1162 1252 coronae
1186 1186 1425 1252 renuntiatione
1450 1185 1491 1250 ab

303 1293 461 1358 Aeschine
485 1291 573 1378 apud
587 1291 711 1357 iudices
726 1297 854 1357 oratum
871 1292 922 1370 sit,
946 1290 1089 1356 dubitari
1106 1311 1169 1354 uon
1184 1296 1293 1375 potest
1309 1296 1492 1374 propterea,

302 1397 389 1479 quod
420 1402 512 1461 actor
536 1418 608 1461 cnm
638 1396 801 1480 permulta
833 1395 898 1461 alie
926 1416 1054 1472 eorum,
1088 1415 1173 1477 quae
1196 1394 1430 1459 Demosthenes
1459 1394 1492 1457 in

304 1521 404 1565 causa
435 1500 583 1566 dicturus
611 1506 712 1579 esset,
744 1505 812 1564 turn
843 1498 1048 1564 adversarios
1074 1496 1115 1563 ad
1139 1498 1367 1583 Dionysiacam
1388 1496 1492 1581 legem

302 1612 537 1689 provocaturos
553 1626 624 1670 esse
640 1604 825 1669 necessario
842 1602 971 1687 quidem
987 1609 1225 1685 praesenserat.
1261 1600 1343 1667 Nam
1362 1601 1492 1667 Aeschi-

200 1758 204 1765 .
302 1730 360 1773 nes
393 1709 577 1774 causidicus
610 1708 672 1773 fuit
705 1706 736 1773 in
765 1706 864 1772 rebus
894 1706 1078 1771 forensibus
1109 1712 1256 1772 vorsatus
1288 1727 1328 1771 ac
1357 1705 1492 1771 scientia

301 1813 381 1877 iuris
418 1811 595 1892 excellens,
636 1813 691 1896 qui
728 1810 856 1891 scribae
889 1810 1053 1894 quondam
1082 1832 1215 1875 munere
1245 1810 1376 1875 functus
1404 1809 1492 1893 leges

301 1917 489 2000 saepissime
519 1916 717 1981 recitaverat
745 1936 805 1980 nec
833 1936 948 1999 parurn
974 1920 1177 1998 cognoverat.
1222 1914 1271 1979 Ax
1294 1935 1358 1997 quo
1382 1918 1491 1979 autem

208 2046 210 2049 ·
300 2020 369 2104 ipse
401 2020 434 2084 in
463 2020 624 2104 suggestis
652 2020 859 2098 constiterat,
890 2018 999 2083 multis
1026 2018 1059 2082 in
1084 2018 1372 2085 orationibusnon
1396 2017 1492 2082 modo

301 2145 360 2188 sna
392 2123 601 2202 confirmans,
633 2124 810 2188 sedetiam
836 2128 1044 2206 argumenta,
1072 2122 1190 2205 quibus
1213 2122 1419 2188 adversarius
1443 2122 1492 2186 uti

299 2234 419 2311 posset,
450 2249 694 2312 praeoccupans
717 2234 817 2310 atque
839 2228 933 2291 irrita
956 2226 1079 2291 faciens
1101 2227 1204 2292 virum
1228 2227 1310 2313 iuris
1331 2233 1364 2291 et
1383 2226 1492 2309 legum

299 2331 530 2415 peritissimum
551 2353 584 2397 se
603 2332 811 2416 praebuerat.
859 2333 974 2414 ltaque
997 2352 1061 2395 nou
1076 2330 1239 2414 intellego,
1264 2351 1323 2396 cnr
1341 2330 1492 2395 hocloco

277 2457 372 2499 ‘eum
404 2435 665 2501 adversariorum
694 2440 888 2519 argumenta
918 2434 1091 2500 divinando
1124 2436 1284 2501 invenisse
1306 2434 1491 2519 negandum

299 2540 350 2618 sit,
374 2540 565 2624 praesertim
590 2562 663 2605 curn
680 2539 930 2605 Demosthenem
952 2538 994 2603 ad
1010 2538 1252 2623 Ctesiphontem
1269 2537 1490 2604 excusandum

298 2642 402 2725 legem
439 2644 665 2729 Dionysiaoam
706 2644 883 2709 allaturum
925 2664 1005 2724 esse,
1037 2643 1110 2708 aliis
1146 2661 1275 2726 quoque
1308 2642 1491 2707 rationibus

299 2766 513 2831 praenoscere
550 2748 579 2812 ei
617 2749 739 2813 liceret.
786 2751 932 2832 Apparet
967 2748 1052 2812 enim
1083 2746 1292 2825 Aeschinem,
1331 2768 1415 2830 quae
1448 2747 1492 2811 ab

298 2850 496 2916 adversariis
519 2859 710 2935 exspectare
732 2858 852 2934 posset,
878 2852 974 2915 etiam
997 2867 1057 2934 per
1072 2852 1193 2916 amicos
1210 2852 1374 2935 accepisse
1391 2858 1492 2933 atque

299 2955 332 3017 iu
355 2955 425 3019 inre
450 2954 620 3019 audivisse.
665 2954 747 3019 Nam
771 2952 946 3019 verisimile
973 2960 1121 3020 estante
1145 2976 1277 3019 causam
1294 2959 1401 3019 aotam
1418 2976 1491 3019 cum

299 3054 340 3122 ab
374 3057 497 3123 civibus
520 3058 773 3124 Atheniensibus
796 3066 863 3123 tum
889 3080 910 3123 a
930 3057 1135 3123 multitudine
1155 3058 1337 3137 hominnm,
1369 3058 1425 3142 qui
1449 3058 1492 3122 acl

297 3161 452 3226 iudicium
481 3167 591 3227 etota
615 3162 755 3227 Graecia
777 3162 1041 3245 convenerant2),
1070 3162 1199 3247 publice
1224 3167 1256 3226 et
1277 3162 1429 3246 privatim
1450 3162 1492 3227 de

297 3265 353 3329 lite
377 3284 541 3330 sermones
563 3265 695 3331 habitas
718 3288 757 3330 ao
773 3266 812 3330 de
830 3268 1039 3350 argumentis,
1063 3266 1181 3349 quibus
1200 3266 1365 3349 litigantes
1382 3272 1491 3331 essent

296 3369 404 3448 usuri,
434 3369 467 3432 in
497 3373 670 3453 utramque
700 3376 827 3453 partem
855 3370 1055 3454 disputatum
1088 3392 1166 3436 esse.
1213 3368 1338 3448 Quibus
1365 3370 1398 3433 in
1423 3391 1491 3434 ser-

297 3473 445 3537 monibus
479 3472 705 3557 Dionysiacam
743 3494 873 3558 qnoque
906 3474 1010 3557 legem
1040 3473 1201 3557 prolatam
1231 3473 1491 3557 Aeschinemque

296 3576 337 3639 ab
368 3576 480 3641 amicis
509 3576 549 3641 de
580 3597 618 3641 ea
645 3578 803 3642 monitum
837 3598 923 3656 esse,
958 3577 1029 3660 quis
1062 3583 1126 3656 est,
1157 3578 1213 3661 qui
1240 3579 1360 3661 neget?
1405 3578 1491 3657 Quin

297 3682 393 3744 etiam
419 3680 458 3743 de
480 3680 666 3745 hominibus
687 3680 883 3763 quibusdam
906 3680 1099 3763 loquacibus
1122 3680 1171 3745 vel
1194 3680 1328 3766 perfidis
1351 3682 1491 3765 cogitari

294 3789 419 3867 potest,
451 3784 506 3867 qui
533 3784 760 3849 Demosthenis
792 3784 936 3850 rationes
970 3784 1011 3849 ad
1045 3784 1264 3850 adversarium
1294 3785 1492 3869 pertulerint

295 3908 440 3970 quosque
484 3886 783 3971 Westermannusss)
821 3887 962 3953 vocabat
999 3887 1323 3971 „Zwisohentrtger‘t
1370 3890 1490 3969 Quam·

297 4011 395 4072 quarn
426 3990 510 4054 enim
533 3989 603 4054 fieri
623 4012 688 4054 non
709 3992 827 4074 potuit,
850 3998 887 4056 ut
909 3992 1091 4075 litigantes,
1125 3993 1245 4076 quippe
1269 4014 1350 4074 quos
1373 3991 1491 4057 adrer-

296 4095 456 4159 sariorum
482 4093 616 4159 insidias
642 4100 795 4178 artesque
817 4116 931 4159 cavere
954 4116 1081 4178 semper
1105 4116 1186 4178 opus
1211 4101 1305 4173 esset,
1329 4096 1491 4160 eiusmodi

363 4356 409 4431 ⁴l)
428 4351 464 4406 D.
482 4351 529 4405 rr.
547 4352 573 4405 d.
592 4370 651 4423 sog.
670 4371 718 4407 ew.
736 4353 806 4406 Red.
827 4354 853 4407 d.
873 4352 907 4407 R.
926 4372 952 4407 v.
971 4355 1018 4407 Kr.
1037 4372 1063 4424 p.
1082 4356 1123 4407 43.

385 4442 413 4505 2)
433 4440 473 4493 Cf.
492 4438 595 4492 Aesch.
617 4457 656 4492 or.
678 4441 754 4509 556.
790 4440 848 4494 Dic.
868 4440 902 4517 tle
921 4444 979 4508 opt.
997 4458 1058 4510 gen.
1080 4459 1118 4494 or.
1138 4444 1162 4508 7,
1182 4442 1224 4493 22.
1261 4441 1340 4494 Brut.
1375 4444 1417 4495 89.

381 4528 408 4595 3)
427 4524 507 4578 Dem.
527 4543 566 4579 or.
586 4526 627 4579 ed.
651 4524 769 4579 Weidm.
788 4526 892 4579 iutrod.
909 4545 936 4595 p.
957 4529 1018 4581 11⁶.
