3242 5259
728 606 989 665 =-42-

282 776 447 862 pugilibus
475 775 611 840 interior
641 780 748 839 tamen
779 779 955 840 coronatus
981 774 1039 853 sit,
1072 773 1151 857 quia
1178 774 1333 857 aequales
1363 797 1475 841 omnes

283 881 492 965 superasset?
543 877 639 944 Credi
668 877 721 941 rix
747 882 860 961 potest
887 876 1139 943 Demosthenem
1169 878 1204 941 in
1234 877 1365 943 circulis
1393 879 1475 944 talia

282 984 383 1049 verba
405 982 530 1061 fecisse,
553 980 672 1046 nedum
694 980 743 1045 ita
765 980 889 1060 lecerit,
911 986 950 1045 ut
971 980 1160 1047 adversario
1182 982 1217 1047 in
1239 1002 1340 1047 causa
1360 1002 1401 1047 ea
1419 1004 1475 1048 ex-

282 1092 432 1172 spectare
462 1086 585 1151 liceret
629 1084 731 1149 Recte
760 1084 862 1167 igitur
885 1084 1034 1168 plurimis
1055 1085 1134 1151 viria
1155 1084 1262 1151 doctis
1282 1106 1474 1170 persuasum

282 1197 333 1256 est
360 1196 506 1257 actorem
533 1190 567 1253 in
596 1186 801 1256 iudicionee
824 1186 866 1252 de
883 1186 1107 1255 Philammone
1127 1186 1238 1273 pugile
1260 1191 1291 1275 (ᾗ
1316 1190 1393 1273 189)
1415 1211 1475 1255 nee

282 1295 322 1359 de
344 1294 470 1360 medico
493 1295 524 1379 (ᾗ
540 1293 617 1375 225)
640 1312 700 1356 neo
722 1289 762 1356 de
779 1290 949 1357 Sirenibus
971 1291 1101 1358 dixisse.
1138 1292 1304 1375 Sequitur,
1326 1301 1364 1359 ut
1377 1314 1475 1378 para-

282 1397 414 1482 graphi,
447 1418 529 1482 quas
551 1400 749 1473 tractemus,
781 1392 928 1460 mendae
949 1394 1078 1461 demum
1109 1396 1311 1462 accusationi
1331 1396 1476 1463 insertae

280 1502 356 1581 sint,
374 1521 459 1584 quae
477 1488 639 1566 sententia
657 1484 758 1563 cuivis
772 1518 811 1563 eo
827 1498 931 1583 magis
949 1498 1117 1579 arridebit,
1141 1499 1230 1584 quod
1242 1500 1476 1585 praecedentia

283 1625 412 1689 quoque
435 1603 544 1670 omnia
565 1602 636 1668 fere
659 1608 862 1686 argumenta,
885 1623 971 1687 quae
992 1602 1147 1696 leguntur
1166 1624 1188 1668 a
1203 1606 1221 1690 ᾗ
1236 1608 1310 1683 221,
1332 1605 1475 1671 orationi

281 1714 397 1795 postea
424 1708 553 1774 demum
582 1705 749 1790 adscripta
778 1710 862 1771 aunt.
907 1707 997 1787 Quas
1023 1727 1134 1774 omues
1163 1708 1391 1793 paragraphos
1413 1711 1475 1776 Ae-

283 1813 427 1893 schines,
468 1817 506 1877 ut
532 1809 709 1894 legentium
743 1809 868 1875 animos
903 1809 1093 1876 conciliaret
1124 1832 1267 1895 suasque
1296 1811 1330 1877 in
1362 1819 1477 1898 partes

283 1916 439 1997 traheret,
460 1912 691 1980 retractandae
708 1912 849 1979 orationi
864 1912 994 1993 adiecit,
1010 1912 1111 1981 verba
1125 1920 1235 1981 autem
1251 1914 1291 1981 de
1306 1914 1476 1983 Siremhus

155 2018 158 2021 ’
283 2021 373 2087 lacta
395 2018 591 2085 defensionis
620 2016 693 2083 loco
714 2016 844 2083 cuidam
867 2018 1037 2102 opposuit,
1066 2039 1131 2104 quo
1154 2018 1391 2087 Demosthenes
1417 2020 1495 2122 ads

283 2123 420 2191 versarii
442 2142 554 2188 rocem
576 2141 691 2187 reuera
714 2141 786 2189 cum
810 2120 960 2187 Sirenum
982 2127 1081 2188 cantu
1104 2129 1360 2208 comparaverat

370 2265 387 2349 ξ
411 2267 440 2327 3.
487 2264 530 2327 At
551 2280 617 2343 qua
640 2258 680 2324 de
703 2279 803 2329 causa
832 2260 923 2326 locus
951 2258 1020 2339 ille,
1052 2260 1095 2326 ad
1118 2282 1213 2346 quem
1236 2262 1413 2329 Aeschines
1440 2265 1475 2331 in

282 2370 319 2453 ἐξ
340 2372 402 2432 228
434 2371 467 2431 et
489 2369 550 2431 229
582 2362 773 2448 respondet,
804 2362 893 2448 apud
920 2363 1171 2431 Demosthenem
1200 2386 1265 2431 non
1288 2366 1475 2432 invenitur?

284 2470 359 2535 Sine
376 2468 475 2535 dubio
488 2468 572 2533 euim
589 2467 708 2532 mirum
723 2466 983 2535 estdefcnsorem
998 2467 1033 2532 in
1041 2467 1199 2535 edendam
1210 2469 1474 2555 Ctesiphonteam

284 2571 560 2658 comparationem
589 2570 679 2636 illam
708 2591 749 2641 ne
775 2570 938 2655 recepisse
968 2572 1098 2655 quidem
1127 2572 1239 2641 rideri.
1284 2575 1475 2641 Aurenses

284 2676 451 2743 Aeschinis
464 2674 683 2759 eloquentiam
702 2674 744 2740 ab
761 2674 957 2740 adversariis
971 2676 1005 2740 in
1017 2677 1234 2761 suspicionem
1249 2678 1297 2743 ita
1307 2678 1475 2744 inductam

285 2803 365 2861 esse,
388 2786 425 2846 ut
440 2800 517 2845 reus
530 2779 610 2863 ipse,
630 2800 695 2845 non
709 2778 945 2859 Demosthenes
962 2780 1206 2864 comparatione
1223 2782 1288 2847 ista
1303 2784 1482 2849 uteretur?

284 2888 374 2967 Quae
405 2883 566 2977 sententia
591 2903 789 2967 quamquam
819 2881 942 2948 nullam
965 2884 1036 2949 reri
1056 2885 1196 2971 speciem
1217 2885 1335 2967 habet,
1364 2891 1475 2952 tamen

283 3012 304 3055 a
326 2988 573 3054 Westermanno
595 2986 765 3071 proposita
786 2985 926 3069 ideoque
947 2988 1062 3072 paucis
1082 2988 1136 3054 hic
1158 2987 1333 3055 refutanda
1355 2995 1413 3056 est.

296 3097 298 3101 ’
316 3159 320 3168 ,
372 3091 638 3156 Westermannus
650 3092 674 3175 ¹)
698 3090 783 3159 enim
806 3089 946 3156 fortasse
962 3091 1204 3178 Ctesiphontem
1221 3094 1255 3157 in
1270 3094 1478 3160 oratiuncula

284 3187 351 3262 sive
380 3199 496 3279 postea
527 3194 593 3259 alia
625 3193 738 3276 quavis
768 3193 938 3259 occasione
967 3196 1016 3260 ita
1046 3195 1166 3262 dixisse
1195 3195 1386 3262 arbitratur.
1433 3200 1478 3263 At

282 3300 422 3385 primum
455 3320 555 3383 supra
586 3299 630 3382 (p.
659 3303 696 3362 21
723 3300 807 3383 sqq.)
839 3296 977 3363 uidimus
1006 3298 1249 3385 Ctesiphontem
1277 3321 1341 3367 non
1371 3299 1474 3367 solum

282 3408 386 3470 totam
416 3402 636 3469 defensionem
668 3400 878 3481 Demostheni
917 3402 1102 3485 reliquisse,
1140 3403 1198 3469 sed
1232 3406 1329 3469 etiam
1368 3405 1476 3489 ipsum

283 3528 382 3591 quam
412 3506 543 3571 minime
572 3505 675 3569 multa
705 3503 807 3569 rerba
835 3504 878 3570 ad
903 3506 1150 3591 praeparandos
1177 3508 1302 3573 animos
1331 3507 1474 3574 iudicum

283 3610 407 3676 fecisse.
445 3606 584 3673 Difficile
606 3608 775 3691 igiturest
796 3608 973 3689 intellectu,
996 3630 1060 3693 quo
1083 3610 1155 3675 loco
1178 3632 1254 3677 reus
1271 3616 1475 3678 attenuatam

283 3712 523 3779 oratiunculam
553 3710 611 3776 tali
635 3712 879 3798 comparatione
909 3712 1070 3778 adornare
1101 3714 1254 3798 potuerit.
1298 3715 1476 3782 Praeterea

283 3823 393 3883 autem
415 3822 452 3881 ut
474 3816 535 3881 viri
557 3815 643 3881 illius
666 3814 845 3896 doetissimi
868 3817 1061 3882 sententiam
1082 3817 1179 3903 plane
1200 3818 1383 3899 reiciamus,
1417 3820 1475 3887 ed·

283 3922 441 3987 ducamur
458 3941 590 3986 necesse
607 3925 656 3985 est
672 3917 780 3985 verbis
796 3919 900 4004 ipsius
911 3920 1088 4001 Aeschinis,
1105 3922 1161 4005 qui
1177 3920 1318 3989 dilucide
1333 3930 1476 4009 exponat

283 4024 534 4092 Demosthenem
555 4024 595 4089 de
613 4024 763 4089 Sirenum
786 4029 885 4089 cantu
909 4023 1072 4091 dicturum
1089 4046 1160 4091 esse
1181 4032 1281 4109 atque
1302 4027 1336 4092 in
1358 4030 1474 4115 §5228

284 4135 317 4195 et
339 4134 401 4195 229
425 4128 614 4209 defensoris,
637 4148 702 4192 non
722 4126 772 4192 rei
795 4128 995 4211 suspiciones
1016 4132 1165 4194 avertere
1186 4129 1327 4196 studeat.

370 4231 586 4313 Quamobrem
597 4230 741 4297 dubitari
749 4235 939 4315 nonpotest,
954 4232 1033 4314 quin
1042 4231 1474 4301 Westermanniconieotura

282 4335 499 4421 improbanda
522 4340 556 4401 et
576 4332 785 4400 statuendum
801 4335 845 4399 sit
856 4333 1106 4418 Demosthenem
1121 4336 1228 4420 ipsum
1246 4337 1334 4422 apud
1349 4323 1473 4406 iudices

372 4545 397 4613 1)
415 4541 461 4599 De
478 4541 582 4597 Aesoh.
604 4560 643 4598 or.
661 4541 723 4597 adv.
742 4541 784 4597 (lt.
802 4558 829 4610 p.
849 4542 890 4595 22.
928 4540 1040 4610 Quaent.
1059 4540 1140 4598 Dem.
1161 4541 1213 4598 111
1232 4545 1274 4598 83.
