3242 5259
612 615 827 701 ,2192

120 788 237 871 Gesctz
259 784 313 870 hei
330 806 506 871 Aeschines
523 808 715 889 wenigstcns
739 807 821 870 rinch
836 826 984 880 noserem
1001 805 1105 870 Urteil
1121 783 1172 870 ein
1189 780 1307 871 durch·

118 931 178 974 ans
208 910 321 975 hohIes
352 910 417 975 und
447 909 639 975 bodenlcscs
672 912 732 989 ist,
761 932 796 975 so
828 910 968 993 gewinut
994 908 1047 973 die
1069 910 1169 974 schon
1192 910 1308 974 friiher

118 1014 400 1105 ausgesprochene
431 1012 651 1097 Vermutung,
686 1014 761 1079 dass
794 1035 830 1078 er
859 1013 947 1078 diese
976 1034 1077 1097 ganze
1098 1012 1209 1078 Partie
1241 1019 1307 1078 erst

25 1117 27 1121 ’
118 1118 229 1201 sp‘a'te'r
244 1118 276 1181 in
293 1119 380 1182 scine
396 1118 485 1182 Rede
502 1118 738 1199 eingeschoben
754 1117 942 1195 habe‚.sehr
956 1138 996 1181 an
1013 1116 1307 1183 Wahrscheinlich-

116 1220 194 1285 heit.
240 1222 308 1287 Den
334 1221 497 1287 Rhodiern
527 1222 662 1309 mochte·
678 1222 854 1287 Aeschines
884 1221 935 1286 ein
962 1221 1075 1301 ianges
1097 1221 1162 1285 und
1185 1220 1307 1287 breites

118 1325 260 1390 dariiher
283 1325 532 1403 vorschw'dtzen
555 1326 614 1390 wie
632 1348 666 1391 es
681 1348 718 1390 zu
737 1324 841 1390 Athen
858 1326 918 1391 rnit
932 1325 993 1389 den
1010 1326 1132 1405 ξενικοὶ
1147 1325 1317 1409 στέφανοι·

119 1427 269 1511 gahaiten
287 1417 421 1509 'werde3
453 1429 556 1493 einem
581 1428 815 1495 Demosthenes
844 1429 936 1494 hiitte
965 1450 999 1493 es
1023 1428 1195 1493 sicherlich
1218 1428 1308 1492 nicht

119 1554 160 1596 an
190 1532 262 1596 dem
294 1532 481 1597 verdienteu
506 1532 601 1616 Spott
628 1534 694 1598 und
717 1532 813 1597 Hohn
838 1532 921 1598 iiber
944 1531 1146 1597 ein‘solches
1170 1530 1308 1596 Gewebe

119 1657 179 1727 von
197 1635 388 1725 Sophismen
406 1622 555 1719 gefehlt“.
602 1636 782 1721 Apparebit
804 1658 880 1702 vero
897 1637 1038 1701 virorum
1055 1635 1308 1701 clarissimorum

118 1740 301 1829 opinionem
332 1739 565 1805 infirmioribus
593 1723 813 1806 fundamentis
844 1740 920 1819 niti,
949 1761 1047 1823 quam
1079 1738 1197 1822 quibus
1226 1738 1308 1805 fides

117 1843 270 1908 habenda
306 1844 375 1907 sn„
410 1846 455 1908 Ac
489 1845 628 1927 primum
659 1844 788 1928 quidem
822 1844 848 1908 si
879 1842 1008 1908 illorum
1034 1843 1240 1932 sententiam·
1259 1864 1308 1907 se·

119 1968 307 2029 queremur,
324 1954 328 2037 ]
340 1947 479 2037 demptis
510 1948 726 2037 paragraphis
757 1953 884 2013 35-48
914 1948 1015 2012 totius
1037 1947 1156 2031 partis,
1186 1946 1307 2037 utiam

119 2050 400 2133 Roemheldtius¹)
422 2059 511 2115 recte
533 2050 698 2130 iudicarit,
722 2052 822 2116 nimia
843 2050 987 2116 brevitas
1009 2050 1190 2142 suspiciosa
1214 2054 1309 2114 esset.

118 2154 201 2218 Nam
225 2154 402 2220 Aeschines
429 2176 487 2238 per
510 2154 738 2221 antecedentes
760 2161 799 2221 23
823 2154 1049 2240 paragraphos
1072 2152 1308 2219 dereddendis

119 2279 290 2323 munerum
311 2257 493 2323 rationibus
510 2262 670 2347 egerat‘e't
684 2258 926 2348 Ctesiphontem
943 2260 1057 2323 contra
1071 2259 1160 2343 leges
1176 2261 1308 2341 rogasse

119 2363 226 2426 satis'
240 2361 528 2426 demonstraverat.
543 2366 561 2453 Ἰ
580 2363 737 2453 Quoniam
775 2369 883 2427 autem
923 2361 964 2427 ad
995 2362 1308 2446 argumentationem

120 2465 375 2530 confirmandam
398 2466 473 2530 huic
496 2465 679 2559 παρανόμῳ
702 2466 842 2532 alterum
858 2466 898 2531 de
914 2469 1054 2531 coronae
1070 2466 1309 2531 renuntiatione

120 2566 261 2661 addidit,
303 2590 375 2634 mea
413 2569 542 2653 quidem
578 2571 738 2635 sententia
771 2571 850 2653 quin
884 2566 982 2658 etiam
1014 2570 1047 2635 id
1081 2572 1308 2653 argumentum

119 2672 253 2765 uberius
275 2672 444 2757 fusiusque
465 2674 658 2738 tractaverit
679 2676 738 2739 nec
754 2696 813 2758 per
828 2680 895 2739 tres
911 2672 1137 2764 paragraphos
1151 2675 1308 2758 (32-34)

120 2776 297 2841 absolverit
332 2776 475 2842 dubitari
506 2799 569 2841 non
599 2784 715 2861 potest.
767 2780 814 2842 Ao
844 2783 943 2856 sunt,
972 2777 1028 2860 qui
1057 2777 1247 2843 Aeschinem
1277 2778 1310 2841 in

120 2900 220 2944 causa
244 2880 284 2944 de
301 2880 496 2965 Dionysiaca
518 2882 588 2964 lege
612 2882 795 2965 disputasse
819 2879 869 2945 vel
888 2902 932 2945 ,ex
944 2901 987 2944 eo
1004 2879 1219 2963 colligendum
1238 2900 1324 2970 essex·

120 2988 252 3067 putent,
284 2984 371 3067 quod
394 2983 628 3049 Demosthenes
655 2985 688 3048 in
718 2986 754 3070 ἐξ
780 2989 841 3050 120
871 2989 905 3048 et
928 2988 982 3048 121
1020 2983 1198 3048 adversarii
1227 2984 1308 3067 legis

119 3088 421 3171 interpretationem
438 3087 536 3172 paulo
552 3093 649 3152 autea
664 3088 810 3153 auditam
823 3088 947 3152 reicere
957 3087 1115 3152 videatur.
1150 3086 1308 3169 Equidem

121 3212 194 3256 cum
221 3190 271 3255 ad
301 3190 386 3283 hanc
419 3192 611 3257 sententiam
645 3192 774 3256 minime
810 3190 980 3270 accedam,
1021 3189 1082 3254 hoc
1115 3190 1186 3255 loco
1222 3191 1308 3274 quod

122 3295 309 3359 accuratius
328 3296 365 3358 in
388 3295 650 3378 reminquiram,
681 3316 745 3360 non
766 3294 882 3373 habac,
904 3294 962 3359 sed
984 3294 1071 3359 infra
1092 3298 1136 3379 (p.
1161 3298 1200 3358 25
1225 3296 1309 3378 sqq.)

3 3444 5 3451 ,
122 3398 444 3482 eam-quaestionem
474 3398 579 3463 denuo
606 3398 788 3482 aggrediar.
835 3398 925 3463 Alias
948 3419 1023 3462 vero
1046 3397 1214 3481 utriusque
1237 3419 1309 3462 ora-

120 3502 218 3567 tionis
249 3502 343 3566 ·locos
374 3501 427 3566 hic
463 3501 573 3566 afferri
611 3523 704 3586 posse
734 3522 797 3566 non
828 3522 920 3585 nego.
971 3501 1119 3586 Exempli
1139 3515 1247 3566 'causa
1275 3502 1309 3565 in

121 3606 348 3670 Demosthenis
364 3604 614 3689 Ctesiphonteae
636 3608 653 3691 ξ
677 3611 734 3669 111
758 3605 911 3689 legimus:
933 3613 1004 3672 τῶν
1025 3607 1086 3690 μὲν
1110 3594 1173 3695 οὖν
1190 3604 1309 3691 λόγων,
1365 3621 1370 3635 “

122 3705 181 3788 οὓς
220 3698 319 3788 οὗτος
353 3705 423 3775 ἄνω
458 3710 513 3777 καὶ
551 3708 640 3776 κάτω
675 3712 845 3777 διακυκῶν
881 3708 969 3794 ἔλεγε
1005 3699 1081 3793 περὶ
1109 3717 1179 3775 τῶν
1208 3732 1312 3793 παρα,

121 3811 507 3900 μεγραμμένωννόμων,
528 3809 605 3881 οὔτε
627 3811 672 3899 μὰ
694 3812 772 3892 τοὺς
793 3811 895 3891 θεοὺς
918 3808 1002 3899 ὑμᾶς
1018 3808 1109 3896 οἶμαι
1123 3808 1311 3898 μανθάνειν

122 3912 190 3984 οὔτ’
221 3911 322 3995 αὐτὸς
345 3916 515 4009 ἐδυνάμην
537 3926 688 3983 συνεῖναι
712 3914 791 3995 τοὺς
815 3914 968 3995 πολλούς,
998 3914 1116 3998 quibus
1139 3936 1179 3979 ex
1200 3915 1308 3979 verbis

123 4018 313 4083 Aeschinem
332 4019 371 4083 dc
388 4019 514 4084 duobus
527 4020 591 4084 illis
607 4019 821 4106 παρανόμοις,
840 4024 878 4083 er
888 4019 928 4083 de
943 4017 1124 4083 rationibus
1137 4019 1310 4084 reddendis

125 4130 158 4187 et
196 4122 237 4187 de
270 4142 409 4187 coronae
443 4123 703 4206 praedicatione,
744 4123 839 4205 longe
873 4124 1003 4205 iateque
1034 4122 1311 4205 apud-helinstas

123 4226 245 4291 dixisse
279 4226 392 4291 elucet.
438 4226 624 4309 Eodemque
658 4225 752 4290 modo
787 4226 875 4309 quod
909 4232 1001 4290 actor
1032 4226 1065 4289 in
1095 4227 1213 4310 §204‚
1246 4248 1309 4309 quo

122 4313 341 4394 loco'cursum
358 4331 647 4413 argumentationis
665 4330 778 4413 paucis
795 4329 985 4394 adumbrat:
1008 4328 1175 4414 δεύτερον,
1197 4330 1310 4411 inquit,

213 4554 238 4621 l)
259 4552 292 4606 L.
312 4570 335 4607 c.
354 4572 381 4623 p.
400 4554 441 4607 35.
1072 4619 1105 4673 q*
