3242 5259
719 546 935 605 -ssA·-'

231 708 271 782 iv
293 706 494 801 winomadus,
513 708 650 781 πάντων
671 714 706 781 δὲ
729 722 800 781 τῶν
820 722 934 781 κακῶν
949 717 1054 792 αἴτιος
1072 711 1230 799 γεγονὼς,
1249 696 1426 802 ἐπερωτῴη
1494 772 1501 785 .

234 819 269 885 δὲ
307 816 386 898 τοὺς
417 816 737 904 συκοφαντηθέντας
766 818 801 885 ἐκ
831 826 888 903 τῆς
919 821 1085 896 πολιτείας
1112 813 1162 883 ἐπ’,
1191 817 1328 883 ἐκείνων
1357 826 1427 886 τῶν

234 930 361 1006 καιρῶν
383 920 427 989 ὅτ’
456 923 536 1008 ἐνῆν
558 920 732 1003 σώζεσθαι,
754 920 809 989 διὰ
833 925 866 988 τί
888 917 995 989 αὐτὸν
1017 916 1080 988 οὐκ
1103 919 1274 987 ἐκώλυσαν
1291 920 1426 1007 {inpup-

233 1023 347 1093 wivew
367 1078 373 1093 .
391 1079 398 1092 .
416 1050 444 1107 ‚3
483 1025 572 1103 Quae
608 1024 708 1089 verba
738 1024 905 1089 mordacia
935 1046 973 1089 ac
1009 1024 1112 1087 multo
1143 1023 1314 1087 acerbiora
1351 1029 1426 1088 sunt

234 1150 331 1211 quam
364 1128 422 1193 illa
453 1130 486 1193 in
518 1130 554 1214 §S
586 1132 648 1193 228
681 1133 714 1193 et
748 1133 809 1194 229
844 1127 943 1192 facta.
989 1126 1222 1192 Demosthenes
1257 1132 1367 1191 autem
1398 1129 1426 1191 si

234 1230 497 1315 Ctesiphonteam
520 1231 666 1297 editurus
686 1232 834 1297 Sirenum
858 1232 1133 1314 comparationem
1157 1236 1291 1314 propter
1313 1229 1427 1294 adver·

235 1336 328 1414 sarii,
358 1341 395 1400 ut
424 1340 520 1419 putat
539 1334 678 1413 Rabius,
708 1336 803 1399 nimis
834 1356 942 1399 acrem
974 1336 1215 1419 responsionem
1245 1334 1426 1412 delevisset,

234 1438 346 1503 eadem
372 1439 412 1503 de
442 1460 542 1505 causa
571 1439 622 1503 vel
650 1441 758 1523 potins
782 1440 905 1504 maiore
926 1441 997 1504 iure
1020 1438 1081 1503 hoc
1104 1438 1221 1502 medici
1244 1439 1425 1522 exemplum

233 1542 362 1607 silentio
402 1564 475 1607 eum
508 1544 771 1627 praetermittere
810 1564 942 1607 necesse
984 1550 1064 1608 erat.
1110 1543 1268 1622 Quoniam
1299 1544 1331 1607 id
1363 1564 1425 1606 non

233 1646 366 1725 lactum,
390 1648 489 1711 etiam
512 1646 592 1712 illud
614 1646 805 1712 incredibile
828 1654 887 1712 est.

318 1788 388 1871 §A
433 1786 548 1867 ltaque
589 1807 630 1849 ne
660 1785 742 1850 haec
786 1783 917 1868 quidem
960 1786 1122 1850 sententia
1154 1784 1334 1868 probanda,
1368 1784 1425 1849 sed

235 1888 444 1953 statuendum
466 1894 516 1953 est
530 1888 781 1953 Demosthenem
804 1890 1090 2005 comparationem,
1114 1910 1212 1970 quam
1235 1894 1425 1968 tractamus,

234 2012 297 2055 non
320 1992 448 2056 solum
439 2015 472 2056 m
488 1992 609 2057 iudicio
618 1992 810 2160 protulisse,
834 1991 941 2056 sedt
908 1997 941 2056 et
942 1992 1007 2056 iam
1021 1993 1055 2056 in
1071 1992 1228 2056 edendam
1244 1994 1425 2057 orationem

233 2096 404 2179 recepisse.
450 2095 596 2160 Namt
559 2101 632 2160 utt
634 2097 719 2161 otius
739 2098 844 2179 partis
866 2101 1060 2177 argumenta
1081 2097 1194 2179 paucis
1216 2096 1427 2179 comprehen-

234 2199 367 2279 damus,
398 2201 538 2283 primum
567 2200 616 2263 int
602 2199 784 2265 telleximus
813 2200 1031 2264 accusationis
1060 2200 1286 2283 paragraphus
1307 2205 1371 2264 228
1394 2204 1427 2263 et

235 2308 297 2369 229
333 2302 564 2369 retractandae
602 2303 731 2367 demum
762 2304 903 2368 orationi
933 2304 1074 2367 insertas
1103 2308 1136 2368 et
1166 2304 1426 2368 adversariorum

234 2406 340 2472 verbis
371 2406 583 2490 quibusdam,
613 2427 697 2489 qnae
730 2406 770 2471 de
797 2406 966 2472 Aeschinis
991 2406 1150 2471 facultate
1178 2407 1306 2473 dicendi
1336 2406 1426 2471 facta

234 2517 344 2589 erant,
376 2510 543 2599 oppositas
574 2530 654 2575 esse.
700 2514 807 2593 Atque
837 2517 966 2575 constat
993 2532 1056 2575 non
1079 2510 1337 2595 Ctesiphontem,
1368 2510 1426 2574 sed

234 2614 484 2679 Demosthenem
513 2634 551 2678 ea
579 2615 707 2679 ratione
730 2613 865 2693 dixisse,
897 2636 1094 2698 quamquam
1114 2614 1239 2679 tradita
1261 2616 1293 2680 in
1316 2613 1428 2679 defen.

235 2719 323 2782 sione
354 2719 492 2800 vestigia
524 2717 672 2783 Sirenum
704 2720 957 2801 comparationis
986 2739 1050 2782 non
1079 2720 1292 2783 inveniuntur.
1339 2718 1425 2783 Satis

235 2827 345 2886 autem
368 2821 610 2886 demonstrasse
633 2820 712 2885 mibi
733 2820 845 2886 videor
868 2822 1128 2900 Demosthenem,
1155 2844 1195 2886 ne
1217 2822 1303 2887 forte
1326 2822 1426 2886 verba

152 2965 154 2969 .
233 2924 291 2988 illa
313 2924 435 3007 publici
457 2926 537 2990 iuris
562 2924 697 3003 faceret,
720 2946 825 3008 neque
847 2927 973 2990 incuria
987 2925 1129 3008 quadam
1145 2947 1249 3009 neque
1265 2927 1425 3009 angustiis

234 3029 391 3111 temporis
422 3028 598 3093 adductum
630 3049 701 3092 esse
730 3048 835 3111 posse.
880 3028 947 3092 Nec
976 3030 1079 3093 minus
1102 3031 1169 3094 veri
1195 3029 1351 3094 dissimile
1376 3034 1435 3106 est,

236 3131 276 3195 de
291 3132 452 3196 industria
468 3153 541 3197 eum
555 3133 588 3196 in
602 3131 728 3196 edenda
743 3131 890 3196 oratione
906 3134 1181 3215 comparationem
1197 3134 1426 3216 suppressisse.

237 3234 399 3318 Sequitur,
422 3241 459 3299 ut
481 3241 664 3300 statuamus
687 3234 788 3299 verba
810 3235 850 3299 de
867 3235 1036 3301 Aeschinis
1058 3256 1136 3301 voce
1158 3236 1248 3301 facta
1271 3238 1306 3301 in
1320 3237 1427 3301 lucem

236 3338 367 3422 quidem
396 3338 571 3423 prodiisse,
601 3339 659 3403 sed
689 3344 781 3403 certa
809 3338 850 3402 de
880 3360 980 3404 causa
1005 3336 1154 3423 postea
1146 3340 1350 3405 intercidisse
1370 3347 1428 3404 aut

236 3444 341 3507 eiecta
373 3462 452 3506 esse.
498 3442 664 3519 Quomodo
697 3448 806 3507 autem
840 3442 922 3507 haec
954 3444 1022 3507 fact
1008 3450 1043 3507 ta
1079 3452 1205 3521 essent,
1240 3445 1272 3508 in
1308 3446 1426 3527 capitis

236 3548 355 3629 prioris
379 3551 526 3611 extrema
547 3552 623 3629 part
625 3566 642 3609 e
662 3546 728 3609 iam
748 3548 982 3631 perspeximus.

323 3648 478 3714 Omnibus
499 3650 583 3713 enirn
612 3648 663 3713 his
687 3651 836 3733 expensis
859 3650 1002 3715 dubitari
1028 3671 1092 3714 non
1121 3656 1239 3734 potest,
1271 3652 1348 3734 quin
1371 3651 1427 3714 de·

145 3805 147 3809 .
235 3753 389 3818 fensionis
414 3752 562 3817 Sirenum
586 3754 786 3837 comparatio
810 3753 924 3818 eadem
947 3754 987 3818 de
1008 3775 1108 3819 causa
1135 3756 1169 3818 in
1197 3761 1342 3819 nostram
1373 3776 1427 3819 ae·

237 3863 339 3921 tatem
361 3878 426 3921 non
448 3858 645 3939 pervenerit,
678 3879 743 3939 qua
763 3858 991 3922 Demosthenis
1015 3858 1054 3921 de
1081 3858 1222 3922 secundo
1244 3858 1428 3949 παρανόμῳ

236 3961 403 4042 responsio
432 3960 465 4023 in
493 3959 625 4025 traditis
657 3962 692 4045 ἐς
725 3965 787 4027 120
816 3965 849 4024 et
877 3966 935 4026 121
967 3982 1032 4025 non
1061 3967 1177 4026 exstat.
1233 3962 1291 4026 Cui
1319 3962 1427 4044 legum

235 4063 499 4146 interpretationi
530 4063 616 4147 apud
646 4064 803 4128 heliastas
836 4064 957 4128 allatae
980 4070 1014 4128 et
1036 4070 1110 4148 post
1131 4064 1285 4129 iudicium
1308 4065 1428 4129 litteris

237 4167 411 4231 mandatae
448 4166 600 4231 librarios
631 4166 789 4249 quosdam
830 4169 1073 4251 responsionem
1099 4167 1190 4231 ‘domi
1225 4168 1427 4234 elaboratam

238 4270 446 4335 substituisse
466 4270 613 4335 vidimus.
652 4273 697 4336 Ac
719 4292 777 4354 per
794 4269 929 4335 eandem
952 4270 1160 4335 librariorum
1174 4271 1427 4355 imprudentiam

238 4375 385 4438 Sirenum
410 4375 685 4457 comparationem
715 4374 919 4439 intercidisse
946 4381 1093 4459 apparet.
1137 4374 1236 4455 Nam,
1268 4381 1428 4460 utsupra

237 4482 281 4564 (p.
315 4485 354 4543 59
383 4481 466 4561 sqq.)
507 4480 540 4542 in
572 4477 717 4543 Hubonis
756 4480 919 4543 sententia
953 4478 1169 4543 examinanda
1201 4482 1428 4561 concessimus,
