<?xml version="1.0" encoding="UTF-8"?>
<!DOCTYPE html PUBLIC "-//W3C//DTD XHTML 1.0 Transitional//EN"
    "http://www.w3.org/TR/xhtml1/DTD/xhtml1-transitional.dtd">
<html xmlns="http://www.w3.org/1999/xhtml" xml:lang="en" lang="en">
 <head>
  <title>
</title>
<meta http-equiv="Content-Type" content="text/html;charset=utf-8" />
  <meta name='ocr-system' content='tesseract 3.04.00' />
  <meta name='ocr-capabilities' content='ocr_page ocr_carea ocr_par ocr_line ocrx_word'/>
</head>
<body>
  <div class='ocr_page' id='page_1' title='image "./qvomododemosthe00huebgoog_0013.png"; bbox 0 0 3242 5259; ppageno 0'>
   <div class='ocr_carea' id='block_1_1' title="bbox 645 511 840 570">
    <p class='ocr_par' dir='ltr' id='par_1_1' title="bbox 645 511 840 570">
     <span class='ocr_line' id='line_1_1' title="bbox 645 511 840 570; baseline 0.015 -18"><span class='ocrx_word' id='word_1_1' title='bbox 645 511 840 570; x_wconf 84' lang='grc'>...9.-</span> 
     </span>
    </p>
   </div>
   <div class='ocr_carea' id='block_1_2' title="bbox 145 670 1386 1385">
    <p class='ocr_par' dir='ltr' id='par_1_2' title="bbox 147 670 1386 864">
     <span class='ocr_line' id='line_1_2' title="bbox 147 670 1386 762; baseline 0.006 -23"><span class='ocrx_word' id='word_1_2' title='bbox 147 670 374 741; x_wconf 88' lang='lat' dir='ltr'>Demosthenis</span> <span class='ocrx_word' id='word_1_3' title='bbox 409 676 649 741; x_wconf 72' lang='lat' dir='ltr'>coronationem</span> <span class='ocrx_word' id='word_1_4' title='bbox 681 698 700 740; x_wconf 98' lang='lat' dir='ltr'>a</span> <span class='ocrx_word' id='word_1_5' title='bbox 730 676 940 762; x_wconf 88' lang='lat' dir='ltr'>Ctesiphonte</span> <span class='ocrx_word' id='word_1_6' title='bbox 971 684 1119 761; x_wconf 84' lang='lat' dir='ltr'>rogatam</span> <span class='ocrx_word' id='word_1_7' title='bbox 1147 680 1180 744; x_wconf 91' lang='lat' dir='ltr'>in</span> <span class='ocrx_word' id='word_1_8' title='bbox 1209 680 1339 746; x_wconf 87' lang='lat' dir='ltr'>theatro</span> <span class='ocrx_word' id='word_1_9' title='bbox 1383 750 1386 753; x_wconf 65' lang='grc'>,</span> 
     </span>
     <span class='ocr_line' id='line_1_3' title="bbox 147 779 805 864; baseline 0 -21"><span class='ocrx_word' id='word_1_10' title='bbox 147 800 210 844; x_wconf 92' lang='lat' dir='ltr'>non</span> <span class='ocrx_word' id='word_1_11' title='bbox 233 779 415 845; x_wconf 82' lang='lat' dir='ltr'>faciendam</span> <span class='ocrx_word' id='word_1_12' title='bbox 440 801 510 844; x_wconf 88' lang='lat' dir='ltr'>esse</span> <span class='ocrx_word' id='word_1_13' title='bbox 534 781 614 845; x_wconf 88' lang='lat' dir='ltr'>satis</span> <span class='ocrx_word' id='word_1_14' title='bbox 637 785 805 864; x_wconf 81' lang='lat' dir='ltr'>appareat.</span> 
     </span>
    </p>

    <p class='ocr_par' dir='ltr' id='par_1_3' title="bbox 145 882 1340 1385">
     <span class='ocr_line' id='line_1_4' title="bbox 233 882 1339 972; baseline 0.005 -25"><span class='ocrx_word' id='word_1_15' title='bbox 233 884 302 947; x_wconf 90' lang='lat' dir='ltr'>lam</span> <span class='ocrx_word' id='word_1_16' title='bbox 321 882 504 964; x_wconf 74' lang='lat' dir='ltr'>uideamus,</span> <span class='ocrx_word' id='word_1_17' title='bbox 529 904 612 967; x_wconf 87' lang='lat' dir='ltr'>quae</span> <span class='ocrx_word' id='word_1_18' title='bbox 629 884 863 949; x_wconf 84' lang='lat' dir='ltr'>Demosthenes</span> <span class='ocrx_word' id='word_1_19' title='bbox 885 886 919 949; x_wconf 87' lang='lat' dir='ltr'>in</span> <span class='ocrx_word' id='word_1_20' title='bbox 941 887 978 971; x_wconf 58' lang='grc' dir='ltr'>ἓξ</span> <span class='ocrx_word' id='word_1_21' title='bbox 1001 890 1062 952; x_wconf 83' lang='grc'><strong>120</strong></span> <span class='ocrx_word' id='word_1_22' title='bbox 1078 892 1111 951; x_wconf 89' lang='lat' dir='ltr'>et</span> <span class='ocrx_word' id='word_1_23' title='bbox 1129 892 1187 951; x_wconf 84' lang='lat'>121</span> <span class='ocrx_word' id='word_1_24' title='bbox 1206 909 1339 972; x_wconf 87' lang='lat' dir='ltr'>respou-</span> 
     </span>
     <span class='ocr_line' id='line_1_5' title="bbox 147 986 1340 1072; baseline 0.005 -21"><span class='ocrx_word' id='word_1_25' title='bbox 147 987 231 1052; x_wconf 88' lang='lat' dir='ltr'>deat.</span> <span class='ocrx_word' id='word_1_26' title='bbox 277 988 381 1052; x_wconf 88' lang='lat' dir='ltr'>Antea</span> <span class='ocrx_word' id='word_1_27' title='bbox 412 1008 541 1072; x_wconf 91' lang='lat' dir='ltr'>quoque</span> <span class='ocrx_word' id='word_1_28' title='bbox 572 986 703 1071; x_wconf 87' lang='lat' dir='ltr'>saepius</span> <span class='ocrx_word' id='word_1_29' title='bbox 734 986 856 1051; x_wconf 85' lang='lat' dir='ltr'>factum</span> <span class='ocrx_word' id='word_1_30' title='bbox 888 1008 959 1053; x_wconf 88' lang='lat' dir='ltr'>esse</span> <span class='ocrx_word' id='word_1_31' title='bbox 987 988 1081 1069; x_wconf 82' lang='lat' dir='ltr'>dicit,</span> <span class='ocrx_word' id='word_1_32' title='bbox 1110 997 1148 1054; x_wconf 93' lang='lat' dir='ltr'>ut</span> <span class='ocrx_word' id='word_1_33' title='bbox 1171 990 1282 1055; x_wconf 89' lang='lat' dir='ltr'>etalii</span> <span class='ocrx_word' id='word_1_34' title='bbox 1306 998 1340 1057; x_wconf 88' lang='lat' dir='ltr'>et</span> 
     </span>
     <span class='ocr_line' id='line_1_6' title="bbox 145 1091 1338 1177; baseline 0.005 -23"><span class='ocrx_word' id='word_1_35' title='bbox 145 1091 215 1173; x_wconf 89' lang='lat' dir='ltr'>ipse</span> <span class='ocrx_word' id='word_1_36' title='bbox 245 1091 279 1155; x_wconf 91' lang='lat' dir='ltr'>iu</span> <span class='ocrx_word' id='word_1_37' title='bbox 309 1091 440 1156; x_wconf 87' lang='lat' dir='ltr'>theatro</span> <span class='ocrx_word' id='word_1_38' title='bbox 471 1112 591 1157; x_wconf 91' lang='lat' dir='ltr'>corona</span> <span class='ocrx_word' id='word_1_39' title='bbox 620 1091 829 1156; x_wconf 77' lang='lat' dir='ltr'>donarentur.</span> <span class='ocrx_word' id='word_1_40' title='bbox 876 1093 983 1175; x_wconf 87' lang='lat' dir='ltr'>Atque</span> <span class='ocrx_word' id='word_1_41' title='bbox 1015 1093 1063 1172; x_wconf 90' lang='lat' dir='ltr'>ei,</span> <span class='ocrx_word' id='word_1_42' title='bbox 1094 1095 1150 1177; x_wconf 92' lang='lat' dir='ltr'>qui</span> <span class='ocrx_word' id='word_1_43' title='bbox 1175 1092 1338 1176; x_wconf 87' lang='lat' dir='ltr'>laudetur,</span> 
     </span>
     <span class='ocr_line' id='line_1_7' title="bbox 147 1192 1339 1279; baseline 0.005 -21"><span class='ocrx_word' id='word_1_44' title='bbox 147 1194 405 1275; x_wconf 81' lang='lat' dir='ltr'>coronationem,</span> <span class='ocrx_word' id='word_1_45' title='bbox 443 1196 627 1279; x_wconf 78' lang='lat' dir='ltr'>quicunque</span> <span class='ocrx_word' id='word_1_46' title='bbox 666 1196 756 1261; x_wconf 91' lang='lat' dir='ltr'>locus</span> <span class='ocrx_word' id='word_1_47' title='bbox 793 1195 1031 1279; x_wconf 89' lang='lat' dir='ltr'>praedicationi</span> <span class='ocrx_word' id='word_1_48' title='bbox 1048 1192 1248 1263; x_wconf 83' lang='lat' dir='ltr'>&#39;destinatus</span> <span class='ocrx_word' id='word_1_49' title='bbox 1287 1200 1339 1279; x_wconf 91' lang='lat' dir='ltr'>sit,</span> 
     </span>
     <span class='ocr_line' id='line_1_8' title="bbox 147 1290 1339 1385; baseline 0.004 -22"><span class='ocrx_word' id='word_1_50' title='bbox 147 1318 273 1382; x_wconf 85' lang='lat' dir='ltr'>semper</span> <span class='ocrx_word' id='word_1_51' title='bbox 302 1320 427 1363; x_wconf 90' lang='lat' dir='ltr'>summo</span> <span class='ocrx_word' id='word_1_52' title='bbox 458 1290 587 1364; x_wconf 70' lang='lat' dir='ltr'>honori&#39;</span> <span class='ocrx_word' id='word_1_53' title='bbox 605 1320 683 1365; x_wconf 87' lang='lat' dir='ltr'>esse.</span> <span class='ocrx_word' id='word_1_54' title='bbox 728 1299 764 1363; x_wconf 93' lang='lat' dir='ltr'>In</span> <span class='ocrx_word' id='word_1_55' title='bbox 794 1298 924 1364; x_wconf 88' lang='lat' dir='ltr'>theatro</span> <span class='ocrx_word' id='word_1_56' title='bbox 947 1304 1056 1364; x_wconf 89' lang='lat' dir='ltr'>autem</span> <span class='ocrx_word' id='word_1_57' title='bbox 1079 1321 1143 1365; x_wconf 92' lang='lat' dir='ltr'>non</span> <span class='ocrx_word' id='word_1_58' title='bbox 1166 1301 1251 1382; x_wconf 90' lang='lat' dir='ltr'>eius,</span> <span class='ocrx_word' id='word_1_59' title='bbox 1283 1304 1339 1385; x_wconf 90' lang='lat' dir='ltr'>qui</span> 
     </span>
    </p>
   </div>
   <div class='ocr_carea' id='block_1_3' title="bbox 146 1402 1341 2964">
    <p class='ocr_par' dir='ltr' id='par_1_4' title="bbox 146 1402 1341 1902">
     <span class='ocr_line' id='line_1_9' title="bbox 147 1402 1341 1482; baseline 0.004 -17"><span class='ocrx_word' id='word_1_60' title='bbox 147 1407 336 1482; x_wconf 85' lang='lat' dir='ltr'>coronetur,</span> <span class='ocrx_word' id='word_1_61' title='bbox 374 1402 431 1467; x_wconf 88' lang='lat' dir='ltr'>sed</span> <span class='ocrx_word' id='word_1_62' title='bbox 471 1407 650 1468; x_wconf 85' lang='lat' dir='ltr'>ceterorum</span> <span class='ocrx_word' id='word_1_63' title='bbox 689 1403 805 1467; x_wconf 87' lang='lat' dir='ltr'>civium</span> <span class='ocrx_word' id='word_1_64' title='bbox 836 1423 936 1469; x_wconf 88' lang='lat' dir='ltr'>causa</span> <span class='ocrx_word' id='word_1_65' title='bbox 964 1404 1238 1471; x_wconf 81' lang='lat' dir='ltr'>renuntiationem</span> <span class='ocrx_word' id='word_1_66' title='bbox 1268 1405 1341 1470; x_wconf 74' lang='lat' dir='ltr'>fieri</span> 
     </span>
     <span class='ocr_line' id='line_1_10' title="bbox 147 1504 1339 1593; baseline 0.003 -22"><span class='ocrx_word' id='word_1_67' title='bbox 147 1505 260 1584; x_wconf 88' lang='lat' dir='ltr'>solere,</span> <span class='ocrx_word' id='word_1_68' title='bbox 284 1512 321 1571; x_wconf 94' lang='lat' dir='ltr'>ut</span> <span class='ocrx_word' id='word_1_69' title='bbox 342 1506 375 1571; x_wconf 95' lang='lat' dir='ltr'>hi</span> <span class='ocrx_word' id='word_1_70' title='bbox 398 1505 441 1571; x_wconf 91' lang='lat' dir='ltr'>ad</span> <span class='ocrx_word' id='word_1_71' title='bbox 465 1506 583 1572; x_wconf 90' lang='lat' dir='ltr'>similia</span> <span class='ocrx_word' id='word_1_72' title='bbox 605 1506 694 1573; x_wconf 86' lang='lat' dir='ltr'>facta</span> <span class='ocrx_word' id='word_1_73' title='bbox 715 1504 959 1572; x_wconf 86' lang='lat' dir='ltr'>inflammentur</span> <span class='ocrx_word' id='word_1_74' title='bbox 981 1513 1014 1574; x_wconf 92' lang='lat' dir='ltr'>et</span> <span class='ocrx_word' id='word_1_75' title='bbox 1035 1508 1191 1593; x_wconf 89' lang='lat' dir='ltr'>populum</span> <span class='ocrx_word' id='word_1_76' title='bbox 1215 1509 1339 1593; x_wconf 82' lang='lat' dir='ltr'>gratias</span> 
     </span>
     <span class='ocr_line' id='line_1_11' title="bbox 146 1610 1338 1696; baseline 0.003 -22"><span class='ocrx_word' id='word_1_77' title='bbox 146 1616 295 1693; x_wconf 83' lang='lat' dir='ltr'>agentem</span> <span class='ocrx_word' id='word_1_78' title='bbox 328 1612 431 1694; x_wconf 81' lang='lat' dir='ltr'>magis</span> <span class='ocrx_word' id='word_1_79' title='bbox 462 1610 596 1676; x_wconf 89' lang='lat' dir='ltr'>laudent</span> <span class='ocrx_word' id='word_1_80' title='bbox 626 1630 723 1696; x_wconf 89' lang='lat' dir='ltr'>quam</span> <span class='ocrx_word' id='word_1_81' title='bbox 756 1616 955 1676; x_wconf 87' lang='lat' dir='ltr'>coronatum.</span> <span class='ocrx_word' id='word_1_82' title='bbox 1001 1612 1081 1677; x_wconf 90' lang='lat' dir='ltr'>Tum</span> <span class='ocrx_word' id='word_1_83' title='bbox 1112 1612 1217 1696; x_wconf 84' lang='lat' dir='ltr'>legem</span> <span class='ocrx_word' id='word_1_84' title='bbox 1247 1612 1338 1677; x_wconf 88' lang='lat' dir='ltr'>illam</span> 
     </span>
     <span class='ocr_line' id='line_1_12' title="bbox 146 1714 1339 1800; baseline 0.003 -22"><span class='ocrx_word' id='word_1_85' title='bbox 146 1714 373 1800; x_wconf 87' lang='lat' dir='ltr'>Dionysiaoam</span> <span class='ocrx_word' id='word_1_86' title='bbox 413 1715 545 1781; x_wconf 85' lang='lat' dir='ltr'>recitari</span> <span class='ocrx_word' id='word_1_87' title='bbox 582 1714 673 1780; x_wconf 90' lang='lat' dir='ltr'>iubet</span> <span class='ocrx_word' id='word_1_88' title='bbox 708 1715 965 1799; x_wconf 85' lang='lat' dir='ltr'>gravissimaque</span> <span class='ocrx_word' id='word_1_89' title='bbox 992 1717 1139 1781; x_wconf 85' lang='lat' dir='ltr'>convicia</span> <span class='ocrx_word' id='word_1_90' title='bbox 1171 1716 1339 1782; x_wconf 86' lang='lat' dir='ltr'>cumulans</span> 
     </span>
     <span class='ocr_line' id='line_1_13' title="bbox 146 1817 1339 1902; baseline 0 -17"><span class='ocrx_word' id='word_1_91' title='bbox 146 1818 298 1885; x_wconf 85' lang='lat' dir='ltr'>Aeschini</span> <span class='ocrx_word' id='word_1_92' title='bbox 330 1818 456 1882; x_wconf 89' lang='lat' dir='ltr'>crimini</span> <span class='ocrx_word' id='word_1_93' title='bbox 480 1818 546 1899; x_wconf 86' lang='lat' dir='ltr'>dat,</span> <span class='ocrx_word' id='word_1_94' title='bbox 575 1818 661 1902; x_wconf 90' lang='lat' dir='ltr'>quod</span> <span class='ocrx_word' id='word_1_95' title='bbox 685 1817 773 1902; x_wconf 85' lang='lat' dir='ltr'>leges</span> <span class='ocrx_word' id='word_1_96' title='bbox 797 1818 916 1884; x_wconf 87' lang='lat' dir='ltr'>allatas</span> <span class='ocrx_word' id='word_1_97' title='bbox 939 1819 1087 1884; x_wconf 87' lang='lat' dir='ltr'>consulto</span> <span class='ocrx_word' id='word_1_98' title='bbox 1110 1820 1339 1887; x_wconf 83' lang='lat' dir='ltr'>decurtaverit.</span> 
     </span>
    </p>

    <p class='ocr_par' dir='ltr' id='par_1_5' title="bbox 146 1934 1341 2964">
     <span class='ocr_line' id='line_1_14' title="bbox 234 1934 1341 2025; baseline 0.003 -20"><span class='ocrx_word' id='word_1_99' title='bbox 234 1940 408 2021; x_wconf 82' lang='lat' dir='ltr'>Quaeritur</span> <span class='ocrx_word' id='word_1_100' title='bbox 438 1940 538 2023; x_wconf 82' lang='lat' dir='ltr'>igitur</span> <span class='ocrx_word' id='word_1_101' title='bbox 571 1940 610 2005; x_wconf 92' lang='lat' dir='ltr'>de</span> <span class='ocrx_word' id='word_1_102' title='bbox 640 1961 735 2005; x_wconf 86' lang='lat' dir='ltr'>sensu</span> <span class='ocrx_word' id='word_1_103' title='bbox 764 1946 796 2005; x_wconf 89' lang='lat' dir='ltr'>et</span> <span class='ocrx_word' id='word_1_104' title='bbox 828 1940 1099 2023; x_wconf 89' lang='lat' dir='ltr'>interpretatione</span> <span class='ocrx_word' id='word_1_105' title='bbox 1132 1934 1228 2007; x_wconf 91' lang='lat' dir='ltr'>huius</span> <span class='ocrx_word' id='word_1_106' title='bbox 1250 1942 1341 2025; x_wconf 86' lang='lat' dir='ltr'>legis,</span> 
     </span>
     <span class='ocr_line' id='line_1_15' title="bbox 148 2042 1339 2129; baseline 0 -18"><span class='ocrx_word' id='word_1_107' title='bbox 148 2066 245 2129; x_wconf 91' lang='lat' dir='ltr'>quam</span> <span class='ocrx_word' id='word_1_108' title='bbox 263 2043 346 2109; x_wconf 83' lang='lat' dir='ltr'>alter</span> <span class='ocrx_word' id='word_1_109' title='bbox 368 2043 409 2109; x_wconf 91' lang='lat' dir='ltr'>ab</span> <span class='ocrx_word' id='word_1_110' title='bbox 432 2045 536 2109; x_wconf 89' lang='lat' dir='ltr'>altero</span> <span class='ocrx_word' id='word_1_111' title='bbox 556 2043 727 2109; x_wconf 87' lang='lat' dir='ltr'>dissectam</span> <span class='ocrx_word' id='word_1_112' title='bbox 745 2042 856 2108; x_wconf 89' lang='lat' dir='ltr'>afferri</span> <span class='ocrx_word' id='word_1_113' title='bbox 872 2044 1039 2112; x_wconf 87' lang='lat' dir='ltr'>contendit</span> <span class='ocrx_word' id='word_1_114' title='bbox 1050 2045 1084 2127; x_wconf 85' lang='lat'>¹).</span> <span class='ocrx_word' id='word_1_115' title='bbox 1120 2045 1213 2124; x_wconf 79' lang='lat' dir='ltr'>Quod</span> <span class='ocrx_word' id='word_1_116' title='bbox 1231 2052 1339 2112; x_wconf 86' lang='lat' dir='ltr'>autern</span> 
     </span>
     <span class='ocr_line' id='line_1_16' title="bbox 146 2147 1340 2231; baseline 0.002 -18"><span class='ocrx_word' id='word_1_117' title='bbox 146 2148 376 2231; x_wconf 81' lang='lat' dir='ltr'>weidnerus2)</span> <span class='ocrx_word' id='word_1_118' title='bbox 409 2149 449 2214; x_wconf 90' lang='lat' dir='ltr'>de</span> <span class='ocrx_word' id='word_1_119' title='bbox 472 2148 700 2213; x_wconf 87' lang='lat' dir='ltr'>Demosthenis</span> <span class='ocrx_word' id='word_1_120' title='bbox 733 2147 928 2214; x_wconf 80' lang='lat' dir='ltr'>defendendi</span> <span class='ocrx_word' id='word_1_121' title='bbox 950 2149 1076 2214; x_wconf 87' lang='lat' dir='ltr'>ratione</span> <span class='ocrx_word' id='word_1_122' title='bbox 1106 2148 1243 2214; x_wconf 88' lang='lat' dir='ltr'>adnotat</span> <span class='ocrx_word' id='word_1_123' title='bbox 1265 2172 1340 2215; x_wconf 93' lang='lat' dir='ltr'>con·</span> 
     </span>
     <span class='ocr_line' id='line_1_17' title="bbox 147 2250 1340 2336; baseline 0.001 -19"><span class='ocrx_word' id='word_1_124' title='bbox 147 2255 302 2319; x_wconf 85' lang='lat' dir='ltr'>viciorum</span> <span class='ocrx_word' id='word_1_125' title='bbox 340 2250 456 2318; x_wconf 87' lang='lat' dir='ltr'>molem</span> <span class='ocrx_word' id='word_1_126' title='bbox 492 2252 700 2336; x_wconf 86' lang='lat' dir='ltr'>inopiamque</span> <span class='ocrx_word' id='word_1_127' title='bbox 736 2257 1002 2335; x_wconf 84' lang='lat' dir='ltr'>argumentorum</span> <span class='ocrx_word' id='word_1_128' title='bbox 1037 2252 1232 2317; x_wconf 90' lang='lat' dir='ltr'>documento</span> <span class='ocrx_word' id='word_1_129' title='bbox 1269 2274 1340 2319; x_wconf 91' lang='lat' dir='ltr'>esse</span> 
     </span>
     <span class='ocr_line' id='line_1_18' title="bbox 146 2355 1339 2440; baseline 0 -19"><span class='ocrx_word' id='word_1_130' title='bbox 146 2357 235 2422; x_wconf 87' lang='lat' dir='ltr'>illam</span> <span class='ocrx_word' id='word_1_131' title='bbox 266 2356 415 2421; x_wconf 82' lang='lat' dir='ltr'>fraudem</span> <span class='ocrx_word' id='word_1_132' title='bbox 447 2357 555 2440; x_wconf 89' lang='lat' dir='ltr'>potius</span> <span class='ocrx_word' id='word_1_133' title='bbox 593 2358 626 2421; x_wconf 93' lang='lat' dir='ltr'>in</span> <span class='ocrx_word' id='word_1_134' title='bbox 658 2356 764 2439; x_wconf 91' lang='lat' dir='ltr'>ipsum</span> <span class='ocrx_word' id='word_1_135' title='bbox 799 2376 897 2439; x_wconf 89' lang='lat' dir='ltr'>quam</span> <span class='ocrx_word' id='word_1_136' title='bbox 927 2356 961 2419; x_wconf 90' lang='lat' dir='ltr'>in</span> <span class='ocrx_word' id='word_1_137' title='bbox 989 2355 1182 2421; x_wconf 85' lang='lat' dir='ltr'>Aeschinem</span> <span class='ocrx_word' id='word_1_138' title='bbox 1212 2357 1339 2437; x_wconf 86' lang='lat' dir='ltr'>eadere,</span> 
     </span>
     <span class='ocr_line' id='line_1_19' title="bbox 146 2458 1339 2527; baseline 0 -2"><span class='ocrx_word' id='word_1_139' title='bbox 146 2462 253 2527; x_wconf 85' lang='lat' dir='ltr'>fateor</span> <span class='ocrx_word' id='word_1_140' title='bbox 282 2461 345 2525; x_wconf 91' lang='lat' dir='ltr'>hoo</span> <span class='ocrx_word' id='word_1_141' title='bbox 375 2460 527 2526; x_wconf 89' lang='lat' dir='ltr'>iudicium</span> <span class='ocrx_word' id='word_1_142' title='bbox 563 2481 625 2524; x_wconf 92' lang='lat' dir='ltr'>non</span> <span class='ocrx_word' id='word_1_143' title='bbox 656 2459 724 2525; x_wconf 92' lang='lat' dir='ltr'>sine</span> <span class='ocrx_word' id='word_1_144' title='bbox 756 2480 855 2523; x_wconf 88' lang='lat' dir='ltr'>causa</span> <span class='ocrx_word' id='word_1_145' title='bbox 887 2458 1009 2524; x_wconf 84' lang='lat' dir='ltr'>factum</span> <span class='ocrx_word' id='word_1_146' title='bbox 1033 2480 1103 2523; x_wconf 91' lang='lat' dir='ltr'>esse</span> <span class='ocrx_word' id='word_1_147' title='bbox 1127 2459 1205 2524; x_wconf 90' lang='lat' dir='ltr'>mihi</span> <span class='ocrx_word' id='word_1_148' title='bbox 1228 2460 1339 2525; x_wconf 89' lang='lat' dir='ltr'>videri.</span> 
     </span>
     <span class='ocr_line' id='line_1_20' title="bbox 147 2562 1337 2651; baseline -0.002 -20"><span class='ocrx_word' id='word_1_149' title='bbox 147 2564 230 2645; x_wconf 83' lang='lat' dir='ltr'>Quid</span> <span class='ocrx_word' id='word_1_150' title='bbox 249 2565 373 2639; x_wconf 79' lang='lat' dir='ltr'>enim‘?¹</span> <span class='ocrx_word' id='word_1_151' title='bbox 393 2562 506 2629; x_wconf 89' lang='lat' dir='ltr'>Nonne</span> <span class='ocrx_word' id='word_1_152' title='bbox 523 2563 783 2651; x_wconf 79' lang='lat' dir='ltr'>Demosthenem,</span> <span class='ocrx_word' id='word_1_153' title='bbox 803 2562 907 2628; x_wconf 79' lang='lat' dir='ltr'>virum</span> <span class='ocrx_word' id='word_1_154' title='bbox 926 2562 1037 2628; x_wconf 84' lang='lat' dir='ltr'>laesae</span> <span class='ocrx_word' id='word_1_155' title='bbox 1052 2563 1133 2647; x_wconf 84' lang='lat' dir='ltr'>legis</span> <span class='ocrx_word' id='word_1_156' title='bbox 1149 2570 1337 2629; x_wconf 86' lang='lat' dir='ltr'>accusatum</span> 
     </span>
     <span class='ocr_line' id='line_1_21' title="bbox 146 2666 1341 2751; baseline -0.001 -18"><span class='ocrx_word' id='word_1_157' title='bbox 146 2669 389 2747; x_wconf 82' lang='lat' dir='ltr'>defendentem,</span> <span class='ocrx_word' id='word_1_158' title='bbox 427 2669 466 2733; x_wconf 92' lang='lat' dir='ltr'>de</span> <span class='ocrx_word' id='word_1_159' title='bbox 507 2668 569 2733; x_wconf 89' lang='lat' dir='ltr'>hoe</span> <span class='ocrx_word' id='word_1_160' title='bbox 605 2668 677 2751; x_wconf 91' lang='lat' dir='ltr'>ipso</span> <span class='ocrx_word' id='word_1_161' title='bbox 717 2666 826 2749; x_wconf 88' lang='lat' dir='ltr'>eapite</span> <span class='ocrx_word' id='word_1_162' title='bbox 868 2688 965 2750; x_wconf 91' lang='lat' dir='ltr'>quam</span> <span class='ocrx_word' id='word_1_163' title='bbox 997 2667 1216 2751; x_wconf 86' lang='lat' dir='ltr'>copiosissime</span> <span class='ocrx_word' id='word_1_164' title='bbox 1249 2668 1341 2751; x_wconf 94' lang='lat' dir='ltr'>loqui</span> 
     </span>
     <span class='ocr_line' id='line_1_22' title="bbox 148 2771 1339 2857; baseline -0.001 -20"><span class='ocrx_word' id='word_1_165' title='bbox 148 2772 344 2857; x_wconf 79' lang='lat' dir='ltr'>oportebat?</span> <span class='ocrx_word' id='word_1_166' title='bbox 372 2776 414 2837; x_wconf 92' lang='lat' dir='ltr'>At</span> <span class='ocrx_word' id='word_1_167' title='bbox 436 2771 518 2852; x_wconf 87' lang='lat' dir='ltr'>vide,</span> <span class='ocrx_word' id='word_1_168' title='bbox 543 2793 640 2855; x_wconf 84' lang='lat' dir='ltr'>quarn</span> <span class='ocrx_word' id='word_1_169' title='bbox 665 2771 779 2835; x_wconf 90' lang='lat' dir='ltr'>leviter</span> <span class='ocrx_word' id='word_1_170' title='bbox 799 2776 901 2835; x_wconf 88' lang='lat' dir='ltr'>totam</span> <span class='ocrx_word' id='word_1_171' title='bbox 927 2792 995 2835; x_wconf 91' lang='lat' dir='ltr'>rem</span> <span class='ocrx_word' id='word_1_172' title='bbox 1013 2771 1191 2854; x_wconf 83' lang='lat' dir='ltr'>transigat!</span> <span class='ocrx_word' id='word_1_173' title='bbox 1221 2773 1339 2851; x_wconf 79' lang='lat' dir='ltr'>Quam-</span> 
     </span>
     <span class='ocr_line' id='line_1_23' title="bbox 147 2873 1338 2964; baseline -0.002 -23"><span class='ocrx_word' id='word_1_174' title='bbox 147 2899 243 2964; x_wconf 88' lang='lat' dir='ltr'>quam</span> <span class='ocrx_word' id='word_1_175' title='bbox 262 2877 345 2943; x_wconf 90' lang='lat' dir='ltr'>enim</span> <span class='ocrx_word' id='word_1_176' title='bbox 365 2897 404 2941; x_wconf 90' lang='lat' dir='ltr'>ea</span> <span class='ocrx_word' id='word_1_177' title='bbox 419 2877 491 2959; x_wconf 91' lang='lat' dir='ltr'>ipsa</span> <span class='ocrx_word' id='word_1_178' title='bbox 508 2877 716 2941; x_wconf 87' lang='lat' dir='ltr'>excusatione</span> <span class='ocrx_word' id='word_1_179' title='bbox 731 2874 843 2953; x_wconf 88' lang='lat' dir='ltr'>utitur,</span> <span class='ocrx_word' id='word_1_180' title='bbox 862 2895 959 2957; x_wconf 84' lang='lat' dir='ltr'>quarn</span> <span class='ocrx_word' id='word_1_181' title='bbox 972 2873 1147 2939; x_wconf 85' lang='lat' dir='ltr'>Aeschines</span> <span class='ocrx_word' id='word_1_182' title='bbox 1162 2875 1338 2958; x_wconf 84' lang='lat' dir='ltr'>praecavit,</span> 
     </span>
    </p>
   </div>
   <div class='ocr_carea' id='block_1_4' title="bbox 25 2977 1339 3063">
    <p class='ocr_par' dir='ltr' id='par_1_6' title="bbox 25 2977 1339 3063">
     <span class='ocr_line' id='line_1_24' title="bbox 25 2977 1339 3063; baseline -0.002 -17"><span class='ocrx_word' id='word_1_183' title='bbox 25 2977 28 2983; x_wconf 70' lang='grc'><strong>’</strong></span> <span class='ocrx_word' id='word_1_184' title='bbox 56 3036 58 3041; x_wconf 97' lang='grc'>.</span> <span class='ocrx_word' id='word_1_185' title='bbox 146 2983 178 3046; x_wconf 94' lang='lat' dir='ltr'>in</span> <span class='ocrx_word' id='word_1_186' title='bbox 203 2979 330 3046; x_wconf 92' lang='lat' dir='ltr'>duabus</span> <span class='ocrx_word' id='word_1_187' title='bbox 353 2979 417 3044; x_wconf 92' lang='lat' dir='ltr'>illis</span> <span class='ocrx_word' id='word_1_188' title='bbox 432 2978 649 3063; x_wconf 83' lang='lat' dir='ltr'>paragraphis</span> <span class='ocrx_word' id='word_1_189' title='bbox 664 2984 772 3043; x_wconf 90' lang='lat' dir='ltr'>tamen</span> <span class='ocrx_word' id='word_1_190' title='bbox 793 2977 882 3043; x_wconf 90' lang='lat' dir='ltr'>nulla</span> <span class='ocrx_word' id='word_1_191' title='bbox 895 2977 1006 3042; x_wconf 87' lang='lat' dir='ltr'>littera</span> <span class='ocrx_word' id='word_1_192' title='bbox 1021 2978 1060 3042; x_wconf 90' lang='lat' dir='ltr'>de</span> <span class='ocrx_word' id='word_1_193' title='bbox 1077 2979 1196 3043; x_wconf 85' lang='lat' dir='ltr'>exteris</span> <span class='ocrx_word' id='word_1_194' title='bbox 1213 2979 1339 3044; x_wconf 91' lang='lat' dir='ltr'>coronis</span> 
     </span>
    </p>
   </div>
   <div class='ocr_carea' id='block_1_5' title="bbox 108 3080 1340 3790">
    <p class='ocr_par' dir='ltr' id='par_1_7' title="bbox 147 3080 1340 3272">
     <span class='ocr_line' id='line_1_25' title="bbox 148 3080 1339 3166; baseline -0.002 -17"><span class='ocrx_word' id='word_1_195' title='bbox 148 3085 189 3150; x_wconf 92' lang='lat' dir='ltr'>ah</span> <span class='ocrx_word' id='word_1_196' title='bbox 213 3092 324 3150; x_wconf 88' lang='lat' dir='ltr'>actore</span> <span class='ocrx_word' id='word_1_197' title='bbox 347 3090 413 3147; x_wconf 89' lang='lat' dir='ltr'>tam</span> <span class='ocrx_word' id='word_1_198' title='bbox 439 3083 509 3148; x_wconf 87' lang='lat' dir='ltr'>fuse</span> <span class='ocrx_word' id='word_1_199' title='bbox 533 3082 683 3147; x_wconf 87' lang='lat' dir='ltr'>tractatis</span> <span class='ocrx_word' id='word_1_200' title='bbox 706 3082 878 3161; x_wconf 87' lang='lat' dir='ltr'>invenitur,</span> <span class='ocrx_word' id='word_1_201' title='bbox 904 3080 983 3145; x_wconf 87' lang='lat' dir='ltr'>nihii</span> <span class='ocrx_word' id='word_1_202' title='bbox 1008 3082 1047 3145; x_wconf 87' lang='lat' dir='ltr'>de</span> <span class='ocrx_word' id='word_1_203' title='bbox 1070 3081 1179 3164; x_wconf 89' lang='lat' dir='ltr'>priore</span> <span class='ocrx_word' id='word_1_204' title='bbox 1197 3082 1254 3147; x_wconf 89' lang='lat' dir='ltr'>illa</span> <span class='ocrx_word' id='word_1_205' title='bbox 1268 3082 1339 3166; x_wconf 86' lang='lat' dir='ltr'>lege</span> 
     </span>
     <span class='ocr_line' id='line_1_26' title="bbox 147 3185 1340 3272; baseline -0.001 -19"><span class='ocrx_word' id='word_1_206' title='bbox 147 3189 276 3268; x_wconf 90' lang='lat' dir='ltr'>dicitur,</span> <span class='ocrx_word' id='word_1_207' title='bbox 315 3208 380 3272; x_wconf 88' lang='lat' dir='ltr'>qua</span> <span class='ocrx_word' id='word_1_208' title='bbox 408 3188 497 3251; x_wconf 88' lang='lat' dir='ltr'>nisus</span> <span class='ocrx_word' id='word_1_209' title='bbox 533 3185 739 3250; x_wconf 88' lang='lat' dir='ltr'>adversarius</span> <span class='ocrx_word' id='word_1_210' title='bbox 772 3186 913 3269; x_wconf 89' lang='lat' dir='ltr'>probare</span> <span class='ocrx_word' id='word_1_211' title='bbox 948 3185 1119 3250; x_wconf 88' lang='lat' dir='ltr'>studuerat</span> <span class='ocrx_word' id='word_1_212' title='bbox 1150 3207 1286 3252; x_wconf 88' lang='lat' dir='ltr'>coronas</span> <span class='ocrx_word' id='word_1_213' title='bbox 1320 3208 1340 3251; x_wconf 88' lang='lat' dir='ltr'>a</span> 
     </span>
    </p>

    <p class='ocr_par' dir='ltr' id='par_1_8' title="bbox 108 3288 1337 3790">
     <span class='ocr_line' id='line_1_27' title="bbox 147 3288 1337 3374; baseline -0.003 -16"><span class='ocrx_word' id='word_1_214' title='bbox 147 3300 263 3358; x_wconf 88' lang='lat' dir='ltr'>senatu</span> <span class='ocrx_word' id='word_1_215' title='bbox 286 3298 342 3355; x_wconf 93' lang='lat' dir='ltr'>aut</span> <span class='ocrx_word' id='word_1_216' title='bbox 365 3312 385 3355; x_wconf 92' lang='lat' dir='ltr'>a</span> <span class='ocrx_word' id='word_1_217' title='bbox 406 3290 527 3374; x_wconf 90' lang='lat' dir='ltr'>populo</span> <span class='ocrx_word' id='word_1_218' title='bbox 550 3290 700 3355; x_wconf 86' lang='lat' dir='ltr'>decretas</span> <span class='ocrx_word' id='word_1_219' title='bbox 723 3290 757 3353; x_wconf 93' lang='lat' dir='ltr'>in</span> <span class='ocrx_word' id='word_1_220' title='bbox 782 3289 912 3353; x_wconf 92' lang='lat' dir='ltr'>theatro</span> <span class='ocrx_word' id='word_1_221' title='bbox 936 3288 1122 3372; x_wconf 87' lang='lat' dir='ltr'>praedicari</span> <span class='ocrx_word' id='word_1_222' title='bbox 1144 3310 1207 3353; x_wconf 93' lang='lat' dir='ltr'>non</span> <span class='ocrx_word' id='word_1_223' title='bbox 1230 3290 1337 3355; x_wconf 91' lang='lat' dir='ltr'>licere.</span> 
     </span>
     <span class='ocr_line' id='line_1_28' title="bbox 108 3376 1336 3481; baseline -0.002 -19"><span class='ocrx_word' id='word_1_224' title='bbox 108 3376 111 3383; x_wconf 35' lang='lat'><em>¹</em></span> <span class='ocrx_word' id='word_1_225' title='bbox 147 3396 269 3481; x_wconf 90' lang='lat' dir='ltr'>Neque,</span> <span class='ocrx_word' id='word_1_226' title='bbox 285 3394 422 3479; x_wconf 91' lang='lat' dir='ltr'>quodad</span> <span class='ocrx_word' id='word_1_227' title='bbox 431 3395 535 3478; x_wconf 89' lang='lat' dir='ltr'>ipsam</span> <span class='ocrx_word' id='word_1_228' title='bbox 546 3394 857 3480; x_wconf 88' lang='lat' dir='ltr'>iurisquaestionem</span> <span class='ocrx_word' id='word_1_229' title='bbox 871 3394 998 3472; x_wconf 89' lang='lat' dir='ltr'>attinet,</span> <span class='ocrx_word' id='word_1_230' title='bbox 1016 3391 1157 3457; x_wconf 84' lang='lat' dir='ltr'>uirorum</span> <span class='ocrx_word' id='word_1_231' title='bbox 1167 3392 1336 3459; x_wconf 89' lang='lat' dir='ltr'>doctorum</span> 
     </span>
     <span class='ocr_line' id='line_1_29' title="bbox 146 3494 1337 3580; baseline -0.002 -16"><span class='ocrx_word' id='word_1_232' title='bbox 146 3499 227 3564; x_wconf 90' lang='lat' dir='ltr'>alios</span> <span class='ocrx_word' id='word_1_233' title='bbox 259 3521 278 3563; x_wconf 92' lang='lat' dir='ltr'>a</span> <span class='ocrx_word' id='word_1_234' title='bbox 302 3497 536 3577; x_wconf 69' lang='lat' dir='ltr'>Demosthenis</span> <span class='ocrx_word' id='word_1_235' title='bbox 568 3498 649 3562; x_wconf 91' lang='lat' dir='ltr'>alios</span> <span class='ocrx_word' id='word_1_236' title='bbox 677 3498 719 3563; x_wconf 90' lang='lat' dir='ltr'>ab</span> <span class='ocrx_word' id='word_1_237' title='bbox 742 3497 912 3562; x_wconf 90' lang='lat' dir='ltr'>Aeschinis</span> <span class='ocrx_word' id='word_1_238' title='bbox 935 3494 1085 3580; x_wconf 88' lang='lat' dir='ltr'>partibus</span> <span class='ocrx_word' id='word_1_239' title='bbox 1108 3503 1196 3561; x_wconf 87' lang='lat' dir='ltr'>stare</span> <span class='ocrx_word' id='word_1_240' title='bbox 1219 3499 1337 3562; x_wconf 90' lang='lat' dir='ltr'>nescio.</span> 
     </span>
     <span class='ocr_line' id='line_1_30' title="bbox 147 3600 1335 3684; baseline -0.002 -16"><span class='ocrx_word' id='word_1_241' title='bbox 147 3602 230 3669; x_wconf 89' lang='lat' dir='ltr'>Nam</span> <span class='ocrx_word' id='word_1_242' title='bbox 247 3624 318 3667; x_wconf 92' lang='lat' dir='ltr'>cum</span> <span class='ocrx_word' id='word_1_243' title='bbox 345 3608 378 3667; x_wconf 88' lang='lat' dir='ltr'>et</span> <span class='ocrx_word' id='word_1_244' title='bbox 395 3603 658 3667; x_wconf 87' lang='lat' dir='ltr'>Westermanuus</span> <span class='ocrx_word' id='word_1_245' title='bbox 677 3602 710 3667; x_wconf 93' lang='lat' dir='ltr'>in</span> <span class='ocrx_word' id='word_1_246' title='bbox 727 3600 837 3667; x_wconf 93' lang='lat' dir='ltr'>libello</span> <span class='ocrx_word' id='word_1_247' title='bbox 861 3600 920 3681; x_wconf 93' lang='lat' dir='ltr'>„de</span> <span class='ocrx_word' id='word_1_248' title='bbox 935 3600 1076 3684; x_wconf 90' lang='lat' dir='ltr'>publicis</span> <span class='ocrx_word' id='word_1_249' title='bbox 1092 3600 1335 3666; x_wconf 89' lang='lat' dir='ltr'>Atheniensium</span> 
     </span>
     <span class='ocr_line' id='line_1_31' title="bbox 146 3704 1337 3790; baseline 0 -19"><span class='ocrx_word' id='word_1_250' title='bbox 146 3707 324 3773; x_wconf 89' lang='lat' dir='ltr'>honoribus</span> <span class='ocrx_word' id='word_1_251' title='bbox 338 3728 376 3771; x_wconf 91' lang='lat' dir='ltr'>ac</span> <span class='ocrx_word' id='word_1_252' title='bbox 389 3704 757 3790; x_wconf 82' lang='lat' dir='ltr'>praemiis“inscripto³)</span> <span class='ocrx_word' id='word_1_253' title='bbox 768 3712 801 3769; x_wconf 89' lang='lat' dir='ltr'>et</span> <span class='ocrx_word' id='word_1_254' title='bbox 807 3705 1036 3790; x_wconf 79' lang='lat' dir='ltr'>Spengelius4),</span> <span class='ocrx_word' id='word_1_255' title='bbox 1051 3704 1337 3789; x_wconf 76' lang='lat' dir='ltr'>Roemheldtius5),</span> 
     </span>
    </p>
   </div>
   <div class='ocr_carea' id='block_1_6' title="bbox 146 3884 351 3895">
    <p class='ocr_par' dir='ltr' id='par_1_9' title="bbox 146 3884 351 3895">
     <span class='ocr_line' id='line_1_32' title="bbox 146 3884 351 3895; baseline 0 -4"><span class='ocrx_word' id='word_1_256' title='bbox 146 3884 351 3895; x_wconf 80' lang='grc'><em>,.....-.-.-...</em></span> 
     </span>
    </p>
   </div>
   <div class='ocr_carea' id='block_1_7' title="bbox 147 3981 1335 4487">
    <p class='ocr_par' dir='ltr' id='par_1_10' title="bbox 158 3981 870 4054">
     <span class='ocr_line' id='line_1_33' title="bbox 158 3981 870 4054; baseline -0.008 -14"><span class='ocrx_word' id='word_1_257' title='bbox 158 4016 163 4029; x_wconf 89' lang='lat'><strong>·</strong></span> <span class='ocrx_word' id='word_1_258' title='bbox 235 3989 259 4053; x_wconf 91' lang='grc'><strong>1)</strong></span> <span class='ocrx_word' id='word_1_259' title='bbox 280 3986 322 4040; x_wconf 82' lang='lat' dir='ltr'>cf.</span> <span class='ocrx_word' id='word_1_260' title='bbox 340 3984 443 4039; x_wconf 77' lang='lat' dir='ltr'>Aesoh.</span> <span class='ocrx_word' id='word_1_261' title='bbox 464 3984 497 4054; x_wconf 62' lang='grc' dir='ltr'>ἐξ</span> <span class='ocrx_word' id='word_1_262' title='bbox 516 3986 549 4038; x_wconf 81' lang='grc'>35</span> <span class='ocrx_word' id='word_1_263' title='bbox 571 3989 600 4037; x_wconf 92' lang='lat' dir='ltr'>et</span> <span class='ocrx_word' id='word_1_264' title='bbox 617 3985 658 4050; x_wconf 84' lang='lat'>36,</span> <span class='ocrx_word' id='word_1_265' title='bbox 677 3981 757 4036; x_wconf 89' lang='lat' dir='ltr'>Dom.</span> <span class='ocrx_word' id='word_1_266' title='bbox 777 3981 793 4051; x_wconf 67' lang='grc' dir='ltr'>ξ</span> <span class='ocrx_word' id='word_1_267' title='bbox 813 3984 870 4035; x_wconf 80' lang='lat'>121.</span> 
     </span>
    </p>

    <p class='ocr_par' dir='ltr' id='par_1_11' title="bbox 233 4070 1049 4139">
     <span class='ocr_line' id='line_1_34' title="bbox 233 4070 1049 4139; baseline -0.005 -14"><span class='ocrx_word' id='word_1_268' title='bbox 233 4075 259 4139; x_wconf 73' lang='lat'>2)</span> <span class='ocrx_word' id='word_1_269' title='bbox 278 4071 426 4125; x_wconf 88' lang='lat' dir='ltr'>Aeschinis</span> <span class='ocrx_word' id='word_1_270' title='bbox 444 4072 472 4123; x_wconf 90' lang='lat' dir='ltr'>in</span> <span class='ocrx_word' id='word_1_271' title='bbox 491 4071 701 4139; x_wconf 82' lang='lat' dir='ltr'>Ctesiphontem</span> <span class='ocrx_word' id='word_1_272' title='bbox 720 4070 817 4136; x_wconf 81' lang='lat' dir='ltr'>oratic,</span> <span class='ocrx_word' id='word_1_273' title='bbox 839 4070 900 4122; x_wconf 86' lang='lat' dir='ltr'>adu.</span> <span class='ocrx_word' id='word_1_274' title='bbox 918 4070 954 4122; x_wconf 86' lang='lat' dir='ltr'>ad</span> <span class='ocrx_word' id='word_1_275' title='bbox 971 4070 987 4138; x_wconf 66' lang='grc' dir='ltr'><strong>ξ</strong></span> <span class='ocrx_word' id='word_1_276' title='bbox 1007 4071 1049 4122; x_wconf 84' lang='grc'>35.</span> 
     </span>
    </p>

    <p class='ocr_par' dir='ltr' id='par_1_12' title="bbox 147 4156 1335 4401">
     <span class='ocr_line' id='line_1_35' title="bbox 234 4156 1335 4313; baseline -0.002 -15"><span class='ocrx_word' id='word_1_277' title='bbox 234 4162 260 4313; x_wconf 59' lang='lat' dir='ltr'>{A</span> <span class='ocrx_word' id='word_1_278' title='bbox 279 4156 650 4313; x_wconf 30' lang='lat' dir='ltr'>IAhiiidiiiiphiiosephilol.</span> <span class='ocrx_word' id='word_1_279' title='bbox 670 4242 711 4297; x_wconf 82' lang='lat'>01.</span> <span class='ocrx_word' id='word_1_280' title='bbox 730 4244 755 4296; x_wconf 91' lang='lat' dir='ltr'>d.</span> <span class='ocrx_word' id='word_1_281' title='bbox 774 4244 800 4296; x_wconf 90' lang='lat' dir='ltr'>k.</span> <span class='ocrx_word' id='word_1_282' title='bbox 819 4244 847 4297; x_wconf 88' lang='grc'><strong>1).</strong></span> <span class='ocrx_word' id='word_1_283' title='bbox 867 4242 920 4295; x_wconf 83' lang='lat' dir='ltr'>Ak.</span> <span class='ocrx_word' id='word_1_284' title='bbox 939 4242 965 4294; x_wconf 93' lang='lat' dir='ltr'>d.</span> <span class='ocrx_word' id='word_1_285' title='bbox 984 4240 1028 4295; x_wconf 88' lang='lat' dir='ltr'>W.</span> <span class='ocrx_word' id='word_1_286' title='bbox 1054 4241 1097 4296; x_wconf 89' lang='lat' dir='ltr'>X:</span> <span class='ocrx_word' id='word_1_287' title='bbox 1123 4241 1335 4297; x_wconf 78' lang='lat' dir='ltr'>Demosthenes&#39;</span> 
     </span>
     <span class='ocr_line' id='line_1_36' title="bbox 147 4330 765 4401; baseline -0.006 -14"><span class='ocrx_word' id='word_1_288' title='bbox 147 4332 352 4401; x_wconf 82' lang='lat' dir='ltr'>Verteidigung</span> <span class='ocrx_word' id='word_1_289' title='bbox 369 4332 417 4383; x_wconf 86' lang='lat' dir='ltr'>des</span> <span class='ocrx_word' id='word_1_290' title='bbox 438 4330 591 4399; x_wconf 86' lang='lat' dir='ltr'>Ctesiphon</span> <span class='ocrx_word' id='word_1_291' title='bbox 610 4348 637 4398; x_wconf 86' lang='lat' dir='ltr'>p.</span> <span class='ocrx_word' id='word_1_292' title='bbox 656 4332 765 4383; x_wconf 69' lang='lat' dir='ltr'>‚te-61.</span> 
     </span>
    </p>

    <p class='ocr_par' dir='ltr' id='par_1_13' title="bbox 235 4413 1335 4487">
     <span class='ocr_line' id='line_1_37' title="bbox 235 4413 1335 4487; baseline -0.001 -16"><span class='ocrx_word' id='word_1_293' title='bbox 235 4420 260 4484; x_wconf 86' lang='lat'>5)</span> <span class='ocrx_word' id='word_1_294' title='bbox 280 4416 461 4487; x_wconf 78' lang='lat' dir='ltr'>Quaestionee</span> <span class='ocrx_word' id='word_1_295' title='bbox 479 4416 514 4471; x_wconf 91' lang='lat' dir='ltr'>de</span> <span class='ocrx_word' id='word_1_296' title='bbox 532 4415 680 4471; x_wconf 84' lang='lat' dir='ltr'>Aeschinis</span> <span class='ocrx_word' id='word_1_297' title='bbox 698 4416 823 4469; x_wconf 89' lang='lat' dir='ltr'>oratioue</span> <span class='ocrx_word' id='word_1_298' title='bbox 842 4419 939 4469; x_wconf 86' lang='lat' dir='ltr'>contra</span> <span class='ocrx_word' id='word_1_299' title='bbox 957 4413 1167 4485; x_wconf 74' lang='lat' dir='ltr'>Ctesiphontem</span> <span class='ocrx_word' id='word_1_300' title='bbox 1186 4434 1213 4485; x_wconf 90' lang='lat' dir='ltr'>p.</span> <span class='ocrx_word' id='word_1_301' title='bbox 1222 4417 1335 4471; x_wconf 72' lang='lat' dir='ltr'>tec—36.</span> 
     </span>
    </p>
   </div>
   <div class='ocr_carea' id='block_1_8' title="bbox 0 0 1626 5259">
    <p class='ocr_par' dir='ltr' id='par_1_14' title="bbox 0 0 1626 5259">
     <span class='ocr_line' id='line_1_38' title="bbox 0 0 1626 5259; baseline 0 0"><span class='ocrx_word' id='word_1_302' title='bbox 0 0 1626 5259; x_wconf 95' lang='lat' dir='ltr'> </span> 
     </span>
    </p>
   </div>
  </div>
 </body>
</html>
