3242 5259
774 588 989 649 ..44-

288 778 388 841 gegen
423 756 651 841 nachtr'eiglich
689 756 722 820 in
754 757 842 823 aeine
873 755 962 821 Rede
989 756 1226 839 eingesohoben
1256 757 1392 823 haben“.
1440 758 1477 823 ln

287 863 442 946 scriptam
481 866 589 926 autem
618 862 797 927 orationem
829 860 979 926 defensor
1005 862 1284 945 comparationem
1314 864 1477 945 recepisse

287 966 317 1031 ei
347 987 411 1029 non
440 964 568 1030 videtur
578 966 612 1047 1).
658 964 788 1045 ,‚Nam“‚
819 965 925 1047 inquit
950 964 1000 1028 vir
1022 963 1267 1049 clarissimum),
1296 967 1476 1050 „iing'stiich

287 1067 430 1133 bedacht
452 1069 532 1133 wird
553 1090 589 1133 er
608 1068 699 1133 nicht
721 1088 867 1151 genesen
891 1068 970 1148 sein,
991 1066 1067 1133 dass
1083 1089 1155 1137 nun
1178 1067 1258 1133 alles
1280 1070 1477 1154 vollsthudig

287 1193 323 1237 so
354 1172 563 1257 geschrieben
593 1171 746 1249 dastehe‚
777 1173 837 1237 uie
867 1186 901 1237 es
931 1170 1131 1255 gesprochen
1160 1192 1243 1250 war,
1273 1174 1338 1238 und
1372 1196 1406 1239 es
1434 1175 1478 1240 iet

288 1276 390 1341 daher
406 1274 497 1341 nicht
511 1298 549 1341 zu
565 1274 786 1354 rosmundam,
807 1296 899 1341 wenn
915 1274 1091 1340 Aeschines
1107 1325 1113 1339 .
1130 1326 1137 1339 .
1153 1325 1160 1339 .
1178 1276 1250 1341 eine
1265 1276 1477 1361 Erwiderung

288 1380 346 1445 aui
366 1380 436 1445 eine
452 1379 740 1445 Demosthenische
756 1378 857 1445 Stelle
880 1377 948 1457 hat,
973 1428 980 1442 .
1002 1429 1009 1441 .
1034 1427 1042 1442 .
1065 1378 1119 1444 die
1133 1380 1191 1444 wir
1202 1381 1285 1465 jetzt
1298 1380 1494 1464 vergebens'

287 1483 437 1549 sucheu“.
481 1483 599 1549 Blassii
622 1489 730 1549 autem
754 1482 949 1549 sententiam
981 1482 1150 1567 amplexus
1173 1484 1272 1549 etiam
1295 1483 1476 1570 Lccffiusu

288 1588 436 1653 Sirenum
459 1588 734 1672 comparationem
758 1591 855 1672 putat
876 1586 1128 1652 aDemosthene
1151 1586 1220 1665 „als
1244 1589 1477 1654 unwesentlich

288 1691 499 1758 iiberschen“.
560 1691 673 1775 Neque
714 1688 810 1757 aliter
847 1689 971 1756 iudicat
1008 1677 1214 1775 Reichiue4)‚
1253 1692 1341 1776 apud
1381 1714 1477 1783 quem

288 1796 444 1879 scriptum
483 1794 645 1861 videmus:
684 1795 770 1874 „Hat
800 1794 976 1861 Aeschines
1011 1794 1104 1859 einen
1142 1794 1275 1861 solchen
1307 1796 1477 1880 Vergleich

288 1904 440 1964 erwartet
462 1898 529 1965 und
550 1898 616 1963 ihm
640 1920 680 1963 zu
701 1898 869 1982 begegncn
892 1897 1043 1981 gesucht‚
1071 1897 1154 1963 ohne
1176 1900 1253 1965 dass
1277 1920 1313 1965 er
1335 1900 1477 1965 eintraf‘r

287 2004 355 2067 Het
384 2002 618 2070 Demosthenes
649 2002 711 2069 deu
734 2000 907 2085 Vergleich
936 2000 1117 2085 gebraucht
1146 2002 1212 2067 und
1240 2003 1296 2067 ihu
1325 2004 1359 2068 in
1389 2004 1477 2069 seine

287 2106 525 2173 Nicderschrift
565 2105 657 2171 nicht
694 2105 969 2189 ausgenommen?
1022 2104 1092 2169 Wir
1124 2105 1197 2171 siud
1233 2106 1292 2172 der
1309 2107 1477 2173 ietztereo

289 2210 439 2290 Ansicht‚
479 2260 485 2275 .
511 2260 548 2275 ..
577 2209 648 2275 weil
682 2230 717 2273 er
754 2208 942 2293 iiberhaupt
970 2208 1159 2273 schwerlich
1188 2210 1248 2276 mit
1279 2210 1478 2293 iingstlicher

288 2313 504 2398 Geneuigkeit
534 2314 629 2393 alles,
668 2334 733 2378 was
764 2333 799 2377 er
829 2311 1030 2396 gesprochen
1059 2311 1167 2391 hatte,
1204 2314 1476 2380 niederschrieb“.

287 2418 470 2501 Opinantur
495 2418 597 2501 igitur
627 2418 687 2481 viri
718 2415 805 2480 docti
827 2415 1079 2481 Demosthenem
1109 2416 1141 2479 in
1174 2416 1300 2483 edenda
1330 2418 1477 2483 oratione

288 2521 450 2603 Sirenum
472 2523 667 2587 mentionem
698 2541 762 2586 non
795 2519 926 2598 fecisse,
964 2520 1041 2603 quia
1072 2540 1278 2604 nequaquam
1309 2542 1349 2586 ea
1378 2521 1479 2586 fuerit

288 2624 465 2708 diligentia,
490 2621 566 2707 quin
589 2625 621 2689 in
646 2630 739 2689 tanta
759 2644 870 2688 rerum
894 2624 989 2706 copia
1010 2623 1107 2688 facile
1125 2623 1287 2706 quaedem
1303 2625 1477 2690 omitteret.

287 2730 335 2793 Ac
364 2749 416 2793 res
436 2729 519 2813 'ipsa
545 2728 661 2793 dooere
684 2727 813 2793 videtur
836 2726 1038 2791 defensorem
1062 2733 1255 2810 argumenta
1276 2729 1478 2793 accusationi

288 2832 447 2915 opposita,
470 2852 535 2896 non
557 2832 685 2915 singula
705 2831 806 2895 verba
829 2830 917 2913 apud
938 2830 1062 2895 iudices
1084 2829 1173 2895 sacta
1193 2832 1348 2896 memoria
1364 2838 1477 2898 tenere

286 2935 439 3019 potuisse.
485 2935 548 3001 Sed
565 2936 704 3019 primum
720 2934 852 3018 quidem
868 2932 1102 2999 Demosthenes
1118 2933 1257 3000 dilucide
1273 2934 1440 3019 professus
1450 2936 1478 3019 ⁵)

290 3061 324 3104 se
348 3038 516 3103 Aeschinis
547 3060 657 3104 omnes
690 3038 732 3103 ed
762 3060 858 3103 unam
892 3037 1135 3102 criminationes
1166 3037 1386 3103 refutaturum
1408 3060 1479 3104 esee

287 3164 340 3207 res
377 3142 419 3207 ab
456 3143 528 3226 ipse
558 3165 657 3207 causa
687 3142 809 3208 alienas
841 3142 967 3225 ἔξωθεν
996 3139 1116 3227 λόγους
1145 3141 1275 3225 quidem
1304 3143 1478 3226 vocavit⁶)‚

288 3252 432 3311 attamen
453 3266 558 3329 neque
581 3247 614 3309 in
635 3246 749 3311 habita
773 3266 878 3329 neque
900 3246 932 3309 in
949 3244 1071 3328 scripte
1088 3246 1233 3310 oratione
1248 3247 1478 3329 praetermisit.

288 3350 402 3415 Nonne
433 3350 544 3415 velex
568 3371 606 3413 eo
630 3350 778 3416 concludi
799 3354 909 3433 potest
931 3347 1191 3428 Demosthenem,
1222 3350 1342 3433 quippe
1367 3351 1478 3433 quiin

288 3453 528 3539 perscribendis
568 3452 648 3517 locis
690 3453 754 3517 illis
796 3453 857 3534 ἔξω
896 3460 958 3519 τοῦ
990 3449 1182 3537 πράγματος
1215 3454 1352 3536 prolatis
1385 3459 1479 3519 tanta

289 3556 457 3640 diligentia
478 3579 556 3621 usus
576 3558 627 3635 sit,
651 3557 762 3622 ecdem
780 3556 876 3623 modo
892 3555 1041 3620 Sirenum
1057 3557 1332 3639 comparationem
1348 3557 1479 3640 aliaque

287 3662 388 3727 verba
416 3660 457 3727 ed
488 3682 620 3725 oausam
651 3682 713 3725 non
740 3659 956 3744 pertinentia,
986 3658 1028 3723 ed
1050 3659 1230 3727 orationem
1252 3665 1360 3725 autem
1383 3660 1478 3725 ador·

288 3766 428 3831 nondam
452 3766 642 3847 animosque
670 3769 707 3829 ut
730 3763 944 3842 audientium,
976 3763 1024 3826 ita
1045 3761 1221 3845 legentium
1243 3764 1479 3848 permovendos

287 3872 426 3977 maxime
449 3867 695 3935 accommodata
717 3889 780 3935 non
804 3866 1007 3951 neglexisse?
1053 3868 1121 3949 Age
1143 3888 1228 3947 vero,
1252 3868 1330 3950 quid
1346 3869 1477 3933 omnino

377 4096 407 4163 1)
421 4092 481 4149 Act.
500 4092 564 4147 Ber.
584 4092 634 4146 III
652 4095 729 4162 2²1).
748 4095 808 4146 219.

375 4184 403 4251 2)
422 4180 503 4234 Dcm.
523 4198 562 4233 or.
583 4180 624 4234 cd.
644 4179 870 4237 Tenbu.1nrod
889 4198 916 4247 p.
937 4180 977 4231 12

375 4271 400 4336 3)
420 4267 479 4321 Der
497 4266 612 4321 Prozess
631 4266 680 4320 des
698 4266 857 4335 Ktesiphon
877 4284 903 4334 p.
924 4267 963 4318 12.

374 4350 1115 4424 4)D.Fr..d.scgzw........ReddeKrptl

422 4440 560 4495 O.Ds.m
580 4458 619 4494 or.
639 4439 672 4509 §S
693 4442 732 4506 17,
752 4442 793 4507 34,
815 4440 857 4492 56

376 4440 463 4597 dot
424 4526 534 4597 3323
543 4527 650 4597 232
671 4523 722 4591 ite
740 4526 789 4593 vis
809 4525 927 4595 roaros-
