3242 5259
609 581 882 643 -252

139 744 344 829 probabilior
385 745 533 811 videatur
572 747 693 829 altera,
730 772 827 832 quarn
864 748 989 833 profert
1023 749 1225 814 coniectura:
1262 752 1328 817 De·

139 848 339 914 mosthenem
363 870 472 914 coram
503 850 665 917 iudicibus
696 874 765 917 rem
794 853 892 921 aliter
914 858 1091 933 tractasse,
1123 874 1221 935 quam
1244 875 1329 918 nunc

139 952 178 1017 fit
205 952 240 1017 in
260 952 408 1019 oratione
437 954 589 1020 tradita“.
635 955 700 1021 Sed
722 962 756 1021 et
779 955 888 1022 hicet
910 955 977 1021 illic
999 956 1253 1023 Baerwinkelius
1278 956 1329 1021 via

139 1056 278 1123 decedit.
329 1055 411 1122 Nam
443 1057 499 1123 illo
529 1058 619 1125 loco:
659 1060 833 1139 „Videmus
863 1060 991 1145 igitur“,
1029 1060 1150 1144 inquit,
1189 1060 1329 1141 „Halmii

140 1160 332 1225 sententiam
366 1160 501 1245 probari
533 1184 599 1229 non
625 1184 738 1248 posse3
769 1165 883 1244 immo,
913 1164 941 1229 si
969 1184 1045 1231 vere
1077 1163 1142 1229 tale
1176 1162 1330 1249 effugium

141 1263 219 1329 mihi
240 1258 322 1348 opus
352 1264 525 1346 videretur,
555 1268 664 1333 nescio
687 1288 729 1332 an
756 1268 866 1353 potius
889 1267 1055 1333 crederem
1078 1268 1329 1334 Demosthenem

134 1368 275 1434 eiecisse
305 1368 464 1451 quaedam
493 1376 624 1454 postea,
657 1392 730 1436 cnm
760 1371 874 1437 ederet
896 1370 1092 1451 orationem,
1124 1392 1208 1455 quae
1232 1394 1329 1456 quam

142 1470 264 1537 debilia
286 1478 402 1553 essent,
425 1472 495 1557 ipse
517 1474 699 1559 sensisset“.
738 1478 852 1560 Atque
866 1474 928 1541 hoc
949 1472 1021 1540 loco
1042 1496 1082 1541 ne
1101 1496 1174 1541 eum
1190 1476 1330 1560 quidem,

141 1576 198 1661 qui
213 1576 433 1643 defensionem
448 1577 633 1661 uberiorem
648 1578 749 1645 fuisse
765 1579 914 1659 coniciet,
930 1578 1140 1645 Demostheni
1152 1580 1329 1664 quidquam

132 1680 297 1766 prodesse
319 1680 408 1747 dicit.
452 1682 585 1763 „Nam“,
616 1684 671 1764 ait,
706 1683 795 1764 „hoc
809 1684 838 1748 si
861 1682 1024 1763 vellemus,
1046 1682 1118 1748 fieri
1140 1683 1193 1748 vix
1212 1690 1330 1769 posset,

132 1784 221 1869 <quin
251 1790 469 1873 statueremus
497 1790 624 1854 textum
647 1793 878 1854 commutatum
903 1793 936 1853 et
968 1792 1172 1871 amputatum
1197 1808 1267 1853 esse
1289 1788 1331 1854 ab

142 1890 215 1975 ipso
238 1887 385 1971 oratore3
413 1889 501 1956 hunc
531 1897 640 1957 autem
663 1892 857 1976 expunxisse
885 1891 947 1957 nisi
976 1910 1059 1974 quae
1086 1890 1207 1957 debilia
1237 1892 1332 1958 nimis

144 2015 215 2059 esse
229 1999 262 2059 et
279 1994 375 2063 facile
392 1993 530 2061 refutari
545 2016 641 2081 posse
653 1994 856 2076 videbantur,
873 1994 945 2079 quis
958 1995 1071 2061 credat
1078 1996 1113 2061 ‘1⁴‘
1148 1996 1333 2061 Verissime.

144 2100 363 2181 Quaecunque
394 2121 523 2179 eorum,
552 2122 637 2184 quae
666 2100 698 2165 in
727 2098 848 2166 iudicio
880 2098 969 2165 dicta
1000 2105 1109 2179 erant,
1145 2099 1333 2166 intruditis

142 2202 361 2294 paragraphis
380 2208 442 2269 120
457 2209 491 2269 et
509 2210 565 2269 121
584 2224 648 2269 non
664 2204 880 2289 reperiuntur,
903 2204 983 2269 mihi
998 2224 1126 2287 queque
1142 2225 1332 2288 persuasum

143 2312 195 2371 est
231 2306 294 2371 nisi
324 2313 460 2391 propter
488 2306 684 2374 defensionis
714 2307 916 2373 debilitatem
957 2328 1132 2391 suppressa
1161 2328 1226 2373 non
1253 2328 1333 2373 esse.

144 2410 213 2476 Nec
226 2432 305 2476 rere
319 2411 425 2475 minus
436 2412 543 2477 elucet
559 2412 818 2490 Demosthenem,
834 2412 862 2477 si
874 2412 1056 2477 orationem
1071 2410 1333 2495 Ctesiphonteam

145 2514 234 2579 foras
257 2513 338 2579 dans
368 2516 610 2599 responsionem
633 2515 673 2580 de
701 2516 880 2581 vetustiore
906 2516 977 2599 lege
999 2516 1184 2597 exterisque
1207 2515 1334 2580 coronis

144 2619 215 2703 ipse
231 2618 401 2697 omisisset,
424 2617 510 2684 hunc
530 2619 638 2687 locum
654 2621 765 2685 statim
780 2616 969 2685 melioribus
985 2618 1092 2684 verbis
1108 2618 1333 2703 suppleturum

146 2722 255 2788 fuisse.
288 2722 326 2793 Id
340 2728 459 2788 'autem
481 2724 515 2789 in
538 2724 695 2802 oratione,
719 2744 817 2808 qnam
837 2724 869 2787 in
892 2722 1041 2788 manibus
1061 2720 1229 2802 babemus,
1252 2721 1334 2786 adeo

145 2848 211 2891 non
224 2826 348 2893 factum
366 2832 424 2907 est,
440 2833 479 2892 ut
493 2828 594 2893 verba
608 2827 664 2893 illa
677 2827 747 2893 sine
756 2826 855 2893 dubio
864 2826 993 2907 debilia,
1002 2847 1092 2909 quae
1102 2824 1336 2891 Demosthenes

146 2930 187 2995 de
218 2931 345 3014 legibus
368 2931 411 2996 ab
434 2932 592 2997 Aeschine
615 2938 683 2996 tam
704 2932 775 2997 fuse
805 2932 956 2997 tractatis
978 2929 1119 3008 fecerat,
1150 2929 1247 3013 plane
1271 2930 1336 2994 sint

146 3036 388 3118 praetermissa.
431 3038 578 3119 Apparet
599 3036 700 3119 igitur
721 3056 827 3119 neque
849 3035 954 3119 ipsum
978 3033 1228 3100 Demosthenem
1250 3034 1335 3098 hanc

146 3144 274 3223 partem
310 3140 529 3224 suppressisse
562 3144 596 3203 et
629 3139 808 3203 orationem
843 3160 903 3224 pro
937 3136 1145 3222 Ctesiphonte
1179 3136 1334 3215 habitam,

147 3266 231 3329 quae
254 3245 297 3310 ad
318 3249 464 3309 nostram
486 3248 628 3309 aetatem
646 3245 802 3327 pervenit,
825 3244 905 3308 locis
929 3241 1123 3326 quibusdam
1149 3240 1214 3306 alia
1235 3240 1335 3306 verba

147 3348 316 3434 praebere,
328 3369 368 3413 ac
380 3369 464 3431 qnae
472 3352 583 3413 orator
594 3348 628 3412 in
638 3368 738 3413 causa
747 3348 867 3413 dixerit
875 3353 908 3411 et
917 3366 1016 3412 causa
1027 3345 1119 3411 finita
1127 3345 1335 3428 evulgaverit.

148 3454 236 3537 Ergo
279 3452 320 3517 ad
354 3452 549 3517 sententiam
580 3451 669 3516 illam
703 3450 906 3535 prolabimur
945 3472 965 3515 a
999 3448 1200 3515 Kirchholfio
1231 3448 1336 3532 primo

147 3558 367 3642 propositam,
397 3556 453 3638 qui
477 3554 703 3620 Demosthenis
731 3554 773 3619 de
803 3575 924 3619 corona
954 3554 1131 3617 orationem
1161 3573 1178 3616 e
1209 3551 1336 3617 duabus

149 3660 392 3749 recensionibus
411 3658 664 3743 conglutinatam
681 3679 751 3723 esse
764 3663 884 3753 censet
916 3658 953 3722 In
966 3677 1005 3721 ea
1024 3662 1133 3721 autem
1146 3656 1336 3737 quaestione

148 3767 277 3851 semper
309 3765 343 3829 id
381 3766 499 3849 agitur,
536 3768 645 3828 utrum
679 3762 780 3827 verba
817 3761 941 3827 tradita
970 3759 1012 3824 ad
1042 3758 1222 3824 orationem
1249 3759 1336 3843 apud

149 3870 305 3936 heliastas
339 3867 485 3938 habitam
516 3889 558 3931 an
586 3867 626 3932 od
657 3866 923 3931 commentarium
957 3864 1114 3948 seriptum
1144 3869 1219 3929 ante
1251 3863 1337 3928 diem

148 3974 261 4039 iudicii
282 3972 475 4057 pertineant.
519 3973 591 4050 Qua
613 3970 653 4035 de
676 3990 776 4036 causa
790 3970 895 4035 etiam
918 3967 1011 4033 nobis
1034 3967 1254 4051 quaerendum
1278 3972 1336 4048 est,

148 4100 226 4143 num
240 4077 275 4141 in
291 4078 328 4162 ἓξ
347 4081 408 4143 120
424 4082 457 4141 et
475 4081 544 4154 121,
569 4075 689 4159 quippe
706 4094 844 4157 quarum
860 4072 969 4152 verba,
981 4104 982 4109 1
992 4092 1076 4155 quae
1092 4092 1177 4137 nunc
1192 4071 1337 4154 legimus,

149 4183 183 4250 in
205 4181 325 4246 indicio
348 4179 437 4246 dicta
459 4200 523 4244 non
546 4200 616 4244 esse
639 4177 918 4256 intellexerimus,
940 4176 1108 4259 responsio
1137 4175 1215 4240 insit
1240 4180 1337 4240 autea

149 4284 347 4369 composita
393 4315 397 4322 ·

235 4388 343 4471 Atque
365 4386 523 4470 equidem,
545 4392 583 4450 ut
606 4407 705 4470 supra
727 4388 771 4469 (p.
796 4386 849 4469 19)
882 4384 958 4463 dixi,
995 4383 1188 4448 sententiam
1215 4403 1336 4461 eorum,

152 4491 209 4577 qui
233 4490 482 4557 Demosthenem
505 4490 542 4575 ἕξ
568 4494 629 4555 120
645 4496 678 4553 et
695 4495 750 4555 121
773 4489 836 4555 nisi
858 4486 1036 4553 adversarii
1058 4486 1338 4571 argumentatione
