3242 5259
786 557 1000 621 „40-

298 729 380 793 haec
409 728 527 792 iterum
559 726 639 791 satis
667 726 777 808 inepte
808 724 898 789 diota
927 746 1006 789 esse.
1052 724 1191 791 Tantum
1213 725 1298 789 enim
1321 724 1424 804 abest,
1449 724 1490 789 'rit

299 833 340 897 de
366 830 545 896 defensoris
568 829 755 913 eloquentia
778 834 871 893 actor
892 828 1061 908 detrahat,
1092 834 1129 894 ut
1150 828 1408 913 insuperabilem
1424 830 1488 895 vim

300 936 429 1001 dicendi
449 936 483 999 iu
503 932 691 998 adversario
715 953 785 999 esse
807 930 1010 1017 profiteatur.

386 1040 458 1119 Qua
488 1038 527 1102 de
557 1058 676 1116 eausa,
707 1042 744 1101 ut
774 1037 898 1122 priore,
933 1037 1031 1101 etiam
1061 1036 1123 1101 hec
1153 1036 1338 1121 explicandi
1367 1036 1420 1101 via
1450 1057 1488 1103 eo

180 1185 186 1198 κ
211 1123 213 1128 ⁵
260 1199 264 1207 .
301 1144 502 1222 adducimur,
524 1147 562 1206 ut
586 1146 770 1206 statuamus
786 1140 1038 1207 Demosthenem
1055 1141 1124 1206 siue
1141 1140 1240 1207 dubio
1256 1160 1488 1224 responsurum

300 1249 409 1326 tuisse,
432 1248 460 1311 si
472 1245 640 1311 Aeschinis
663 1248 699 1330 ἐξ
716 1250 778 1310 228
795 1250 829 1309 et
845 1250 907 1311 229
932 1245 1019 1329 apud
1035 1228 1192 1309 heliastas
1207 1244 1356 1329 prolatae
1372 1250 1489 1309 essent.

300 1352 368 1441 Sed·
387 1351 465 1433 quia
487 1350 521 1414 in
543 1340 690 1414 oratione
711 1348 961 1413 Demostheniea
983 1348 1107 1415 frustra
1136 1334 1176 1412 de
1199 1347 1367 1413 Sirenibus
1391 1356 1487 1431 quae·

302 1456 424 1534 siveris,
448 1460 586 1539 apparet
608 1459 751 1519 actorem
772 1452 873 1518 verba
896 1452 953 1517 illa
976 1453 1010 1517 11
1031 1451 1151 1517 iudicio
1184 1472 1248 1517 non
1279 1450 1402 1532 fecisse,
1432 1452 1489 1517 sed

298 1561 333 1625 in
356 1558 482 1625 edenda
504 1558 633 1623 demum
657 1558 804 1623 oratione
827 1557 1063 1641 comparationi
1087 1556 1217 1621 cuidam
1237 1556 1489 1621 aDemosthene

300 1664 419 1730 allatae
442 1662 640 1747 opposuisse.
687 1663 729 1727 At
750 1662 784 1725 id
806 1662 913 1746 ipsum
936 1659 1079 1725 Frankio
1093 1660 1118 1743 1)
1140 1661 1258 1725 iterum
1274 1660 1490 1745 improbabile

302 1774 352 1833 est
387 1767 589 1832 defensorem
625 1765 691 1830 tale
722 1765 900 1850 quidquam
935 1764 1022 1849 apud
1055 1764 1179 1830 iudices
1213 1764 1321 1831 dicere
1360 1764 1490 1829 omnino

301 1873 455 1956 potuisse.
488 1870 602 1953 Neque
619 1870 703 1935 enim
727 1869 865 1948 dubitat,
888 1870 966 1952 quin
982 1869 1061 1949 ,die
1077 1866 1235 1951 fragliche
1251 1868 1490 1952 Vergleiehuug

301 1975 490 2041 schwerlich
506 1975 552 2039 im
565 1974 662 2039 Sinne
687 1973 744 2038 des
761 1973 995 2038 Demosthenes
1009 1994 1090 2051 111,
1115 1972 1173 2038 der
1194 1972 1278 2038 wohl
1301 1973 1353 2038 die
1380 1972 1490 2039 starke
1588 1960 1590 1967 ¹

300 2079 367 2144 und
381 2079 467 2144 helle
478 2079 612 2143 Stimme
625 2076 896 2161 seinesGegners,
914 2078 1009 2141 sowie
1025 2077 1113 2143 seine
1129 2076 1491 2160 schauspielerm'dssige

301 2184 433 2261 Aktion,
449 2183 603 2266 nirgends
616 2181 699 2261 aber
711 2187 810 2246 etwas
822 2182 1091 2265 Sirenenartiges,
1110 2180 1139 2245 d.
1152 2180 1182 2247 h.
1196 2180 1490 2247 Einsohmeicheln-

302 2287 368 2368 des,
391 2286 676 2351 Verftihrerisches
698 2286 732 2350 in
757 2285 815 2350 der
831 2285 920 2351 Rede
942 2285 1113 2351 desselben
1136 2284 1344 2375 anerkennt‘t
1385 2286 1491 2369 Atque

304 2391 390 2475 quod
403 2392 445 2455 ad
461 2392 547 2456 hanc
563 2390 786 2473 quaestionem
806 2390 933 2468 attinet,
950 2394 1078 2454 constat
1092 2390 1180 2455 inter
1197 2410 1316 2468 omnes,
1333 2394 1490 2473 quantum

302 2496 537 2561 Demosthenes
567 2494 688 2558 actioni
723 2494 885 2559 tribuerit.
929 2493 1011 2557 Nam
1041 2499 1271 2577 praeterquam
1300 2493 1386 2575 quod
1422 2494 1492 2578 ipse

303 2599 345 2665 ab
375 2600 532 2663 histrione
556 2598 697 2681 quodam
727 2597 843 2663 doctus
870 2618 939 2663 esse
963 2597 1090 2676 dicitur,
1124 2598 1203 2661 satis
1234 2597 1277 2662 sit
1305 2597 1406 2663 verba
1435 2597 1493 2662 illa

301 2703 466 2767 Ciceronis
477 2702 503 2786 2)
527 2701 646 2766 afferre
661 2700 828 2784 prodentis
851 2702 1101 2767 Demosthenem
1123 2700 1162 2780 ei,
1187 2701 1243 2783 qui
1266 2701 1493 2783 quaesivisset,

303 2807 381 2890 quid
404 2808 543 2889 primum
567 2812 653 2871 esset
674 2806 707 2869 in
730 2804 876 2885 dicendo,
899 2806 1069 2884 actionem,
1098 2804 1175 2887 quid
1197 2803 1382 2884 secundum,
1405 2804 1492 2869 idem

305 2918 337 2976 et
359 2911 444 2975 idem
472 2911 605 2975 tertium
628 2909 844 2993 respondisse.
889 2909 979 2973 Haeo
1003 2915 1111 2974 autem
1135 2913 1302 2983 oratorum
1326 2908 1412 2973 actio
1442 2909 1493 2974 vel

304 3038 357 3079 ars
384 3014 512 3080 dicendi
543 3015 686 3096 pertinet
713 3019 746 3077 et
768 3013 810 3078 ad
833 3012 926 3099 πάθη
950 3033 1033 3095 quae
1057 3017 1214 3077 vocantur
1236 3022 1293 3099 τῆς
1316 3021 1433 3099 φωνῆς
1460 3018 1494 3077 et

304 3119 346 3183 ad
369 3119 515 3205 σχήματα
538 3126 601 3185 τοῦ
621 3116 772 3203 σώματος
781 3117 817 3200 3).
863 3119 970 3201 Atque
1001 3120 1140 3199 utraque
1163 3117 1196 3181 in
1219 3138 1271 3196 re,
1302 3136 1367 3181 non
1389 3115 1493 3181 solum

302 3224 337 3287 in
366 3222 525 3301 motibus,
556 3220 613 3285 sed
637 3222 702 3285 oris
724 3220 935 3285 incommodis
958 3220 1120 3303 superatis
1143 3221 1240 3285 etiam
1272 3220 1493 3285 1111111111-

304 3327 489 3391 mosthenes
518 3330 642 3389 tantam
676 3323 867 3389 facultatem
898 3330 1089 3389 consecutus
1120 3330 1205 3403 erat,
1241 3330 1278 3388 ut
1314 3323 1493 3389 adversarii

303 3432 366 3515 ipsi
390 3430 565 3515 δεινότητα
588 3429 657 3493 eius
673 3429 922 3494 admirarentur.
956 3427 1094 3492 Perinde
1111 3448 1187 3493 vero
1204 3450 1242 3493 ae
1259 3427 1494 3493 Demosthenes

305 3534 482 3599 Aeschines
512 3534 637 3597 animos
673 3532 874 3596 audientium
905 3531 1064 3597 movebat.
1111 3533 1171 3611 Qui
1198 3552 1396 3615 quamquam
1425 3531 1494 3614 ple-

305 3659 442 3720 rumque
464 3658 529 3701 non
550 3642 618 3701 tam
642 3636 785 3701 studiose
808 3634 941 3700 dicebat
955 3657 1052 3719 quam
1074 3635 1129 3701 ille
1152 3636 1303 3720 princeps
1317 3642 1494 3714 oratorum,

306 3742 397 3807 ouius
421 3740 709 3819 concitationibus,
740 3740 925 3823 quicunqne
948 3760 1020 3805 eum
1048 3740 1257 3819 audiverunt,
1290 3744 1494 3823 raperentur,

304 3845 476 3931 praeclara
507 3850 617 3909 tamen
647 3865 725 3908 voce
756 3844 926 3928 praeditus
948 3850 1027 3908 erat.
1073 3845 1140 3908 Neo
1163 3842 1296 3909 dubium
1320 3848 1385 3922 est,
1415 3842 1494 3926 quin

306 3972 345 4014 ea
367 3972 439 4029 vox,
463 3970 547 4031 quae
563 3948 774 4013 Demostheni
796 3948 967 4013 manifesto
988 3947 1259 4031 invidiaeerat4),
1281 3946 1369 4011 haud
1384 3946 1494 4031 inepte

306 4075 378 4118 cum
402 4054 550 4119 Sirenum
575 4058 673 4118 cantu
696 4054 878 4135 comparari
909 4053 1060 4136 potuerit.
1105 4051 1188 4116 Nam
1218 4052 1250 4117 iu
1278 4050 1434 4117 orationis
1454 4050 1495 4118 de
