3242 5259
818 509 1034 608 -erss

336 681 489 747 conviciis
519 682 553 747 id
582 688 682 765 caput
710 682 896 767 expeditum
927 682 1109 748 videbatur.
1152 682 1190 748 In
1211 703 1312 749 cauea
1332 684 1434 767 igitur
1456 680 1533 770 ipsa

337 784 506 859 Aeschinis
521 785 627 869 legum
644 787 873 871 interpretatio
887 808 1022 871 prorsus
1036 786 1262 871 inexspectata
1277 808 1318 852 ac
1333 789 1532 872 necopinata

336 888 407 957 luit.
444 888 537 969 Quod
553 889 604 955 vel
620 910 659 955 ex
675 910 714 956 eo
728 890 940 975 intellegitur,
956 889 1044 973 quod
1060 890 1238 955 Aeschines
1253 890 1315 984 hoc
1330 892 1531 979 παράνομον

337 998 404 1057 tam
445 991 618 1077 diligenter
660 994 712 1058 vix
747 998 941 1072 tractasset,
980 993 1042 1059 nisi
1076 992 1164 1077 leges
1195 1015 1260 1059 non
1296 995 1394 1061 modo
1428 1016 1530 1081 saepe

335 1094 505 1179 neglectae
533 1103 657 1176 essent,
690 1096 748 1163 sed
776 1097 876 1163 etiam
903 1096 944 1162 de
973 1096 1130 1163 memoria
1151 1098 1293 1165 omnium
1315 1120 1420 1183 paene
1439 1100 1529 1164 exci-

335 1193 466 1265 dissent.
523 1200 673 1267 Ceterum
719 1200 847 1266 etiamsi
885 1199 1120 1266 Demosthenes
1163 1202 1372 1267 accusatione
1412 1202 1530 1268 audita

336 1302 559 1369 adversarium
583 1305 673 1389 leges
694 1304 777 1370 lelso
799 1306 1050 1389 interpretatum
1074 1324 1145 1370 esse
1167 1305 1308 1385 censuit,
1338 1304 1528 1372 defensione

334 1414 433 1475 antea
470 1414 606 1474 exarata
635 1409 683 1475 uti
712 1409 742 1474 ei
771 1429 836 1474 nou
864 1406 994 1474 licebat.
1038 1406 1122 1473 Nam
1155 1407 1197 1474 de
1226 1408 1299 1493 ipsa
1330 1408 1529 1495 Dionysiaca

334 1512 415 1597 lege,
441 1514 474 1578 in
497 1534 563 1597 qua
585 1511 628 1578 ab
651 1512 811 1579 Aeschine
833 1510 1015 1578 omittenda
1036 1511 1284 1579 fundamentum
1306 1513 1529 1600 responsionis

333 1622 498 1701 posuerat,
529 1621 624 1682 actor
654 1621 722 1681 tam
754 1616 884 1701 copiose
913 1615 1147 1701 disputaverat
1192 1616 1268 1682 Sine
1297 1616 1397 1682 dubio
1424 1616 1528 1701 igitur

334 1720 458 1787 ritibus
474 1719 541 1787 suis
556 1725 656 1804 atque
671 1719 773 1786 indoli
788 1718 929 1785 confisus
941 1718 1093 1786 defensor
1108 1739 1149 1784 ex
1164 1724 1310 1805 tempore
1324 1718 1366 1785 de
1382 1720 1527 1787 secundo

334 1823 519 1915 παρανόμῳ
543 1823 634 1889 dixit.
673 1822 856 1889 Verisimile
878 1829 987 1889 sutem
1010 1828 1061 1888 est
1081 1822 1167 1890 hanc
1181 1823 1424 1908 responsionem
1443 1826 1526 1890 satis

335 1927 475 1995 debilem
497 1926 607 2007 fuisse,
638 1928 716 2011 quia
746 1933 858 1993 orator
888 1926 1019 1992 minime
1048 1926 1227 1993 adversarii
1249 1926 1350 1993 rerba
1367 1926 1526 2006 refutare,

335 2031 391 2099 sed
416 2030 497 2097 nihil
518 2030 607 2097 aliud
630 2052 728 2115 agere
751 2029 813 2096 nisi
835 2030 869 2095 in
891 2030 1084 2095 sententiam
1108 2028 1152 2096 ab
1165 2029 1334 2096 Aeschinis
1352 2052 1526 2115 argumen-

333 2135 459 2201 tatione
487 2134 584 2219 plane
616 2134 777 2201 diversam
807 2133 976 2218 disputare
1007 2133 1123 2219 potuit.
1175 2133 1397 2201 Affirmarsrit
1429 2137 1525 2215 enim,

335 2237 488 2315 arbitror,
509 2238 543 2303 in
559 2238 630 2322 lege
647 2236 841 2322 Dionysiaca
856 2237 1104 2325 interpretanda
1117 2258 1178 2305 nec
1193 2239 1404 2305 vetustiorem
1419 2239 1526 2325 legem

334 2342 570 2426 respiciendam
592 2363 652 2407 nec
673 2340 774 2407 rerba
793 2337 871 2429 μηδ’
891 2335 944 2410 ὑπ’
969 2334 1075 2409 ἄλλον
1095 2338 1240 2428 μηδενὸς
1264 2341 1305 2407 de
1326 2342 1401 2408 aliis
1422 2342 1526 2410 hono·

335 2446 426 2512 ribus
447 2444 667 2529 intellegenda
689 2465 759 2511 esse
782 2445 844 2511 nisi
868 2443 908 2510 de
924 2445 1051 2511 coronis
1075 2466 1147 2511 cum
1170 2466 1192 2511 a
1214 2444 1398 2527 tribulibus,
1420 2466 1525 2533 popu·

333 2547 468 2629 laribus,
499 2549 679 2635 peregrinis
708 2553 780 2616 tum
810 2570 831 2615 a
857 2547 978 2636 populo
1000 2555 1181 2633 senatuque
1211 2549 1360 2615 decretis.
1404 2550 1525 2631 Quam·

335 2653 446 2719 obrem
477 2653 697 2719 laudationem
727 2651 849 2719 dixerit
871 2673 892 2717 a
913 2652 1122 2736 Ctesiphonte
1151 2658 1299 2737 rogatam
1329 2652 1363 2718 in
1393 2655 1525 2721 theatro

334 2757 514 2823 renuntiari
528 2755 636 2837 licere,
651 2756 775 2823 iudices
791 2763 900 2822 autem
916 2754 1131 2835 admonuerit,
1146 2776 1187 2823 ne
1202 2756 1324 2823 actoris
1336 2756 1525 2841 eloquentia

335 2867 368 2925 et
382 2857 509 2927 artibus
526 2860 654 2926 dicendi
677 2859 891 2944 decipiantur.
938 2859 1055 2926 Firmis
1076 2860 1178 2943 igitur
1199 2861 1400 2945 argumentis
1421 2860 1524 2931 Ctesi·

333 2963 465 3049 phontis
487 2965 690 3048 rogationem
714 2985 786 3031 euro
809 2962 925 3029 fulcire
945 2964 1091 3047 potuisse
1113 2962 1298 3047 negandum
1319 2969 1379 3031 est
1414 2964 1524 3042 Nihilo

332 3068 433 3133 setius
453 3066 574 3134 iudicio
595 3067 692 3148 rioit;
725 3066 901 3133 Aeschines
921 3085 1007 3143 sero,
1035 3087 1234 3151 quamquam
1264 3067 1297 3132 in
1319 3067 1401 3133 iuris
1423 3088 1523 3152 quae·

331 3172 436 3238 stione
450 3171 600 3256 superior
614 3176 695 3252 erat,
718 3170 891 3237 damnatus
906 3176 965 3237 est.
988 3170 1061 3251 Qua
1075 3190 1176 3237 causa
1186 3169 1279 3237 finita
1289 3170 1523 3238 Demosthenes

330 3271 420 3342 baud
450 3296 542 3342 secus
573 3280 672 3359 atque
696 3274 907 3341 adversarius
928 3274 1108 3341 orationem
1131 3273 1278 3341 habitam
1300 3273 1404 3341 edidit
1423 3274 1523 3359 idque

332 3394 371 3444 ea
395 3375 548 3445 nimirum
570 3379 706 3458 ratione,
727 3384 766 3443 ut
787 3399 862 3443 cum
884 3378 957 3444 aliie
970 3377 1051 3444 locis
1066 3384 1136 3443 tum
1151 3378 1185 3443 in
1203 3382 1332 3469 νομίμῳ
1346 3378 1522 3445 tractando

332 3482 431 3559 rerba
462 3481 549 3568 apud
578 3481 734 3548 helinstas
766 3481 871 3561 lacta,
900 3502 963 3547 non
994 3482 1052 3547 illa
1080 3487 1178 3548 antea
1204 3480 1376 3547 elaborata
1403 3481 1522 3549 litteris

332 3585 511 3652 mandaret
556 3584 775 3651 Demosthene
805 3591 915 3650 autem
934 3591 1062 3651 mortuo
1084 3586 1130 3665 ie,
1162 3585 1255 3653 cuius
1278 3585 1312 3650 in
1334 3606 1449 3651 manus
1468 3606 1522 3651 res

331 3689 515 3756 hereditate
537 3689 673 3755 relictae
694 3688 891 3769 oeciderunt,
926 3708 1052 3769 curans,
1078 3694 1117 3755 ut
1137 3710 1179 3755 ne
1200 3689 1367 3755 minimum
1392 3686 1520 3772 quidem

332 3792 467 3859 verbum
483 3792 770 3859 Demosthenicum
792 3792 952 3873 interiret,
975 3798 1009 3857 et
1031 3792 1114 3859 alias
1136 3791 1243 3859 scidas
1265 3797 1415 3877 repertas
1433 3792 1520 3862 foras

330 3895 478 3984 deditlet
500 3896 768 3962 commentarium
792 3896 948 3980 scriptum
964 3902 1041 3962 ante
1056 3896 1142 3963 diem
1156 3894 1278 3961 iudicii.
1312 3898 1359 3961 Ac
1373 3897 1521 3981 suspicor

330 4000 416 4065 hunc
444 4000 711 4065 commentarium
740 4000 774 4065 in
803 3998 923 4065 scholis
949 4000 1236 4083 grammaticorum
1257 4005 1402 4065 veterum
1424 3999 1519 4066 disci-

330 4102 415 4188 pulis
446 4103 671 4171 Demosthenis
711 4104 892 4191 orationem
925 4102 1188 4190 Ctesiphonteem
1221 4102 1441 4169 tractantibus
1468 4105 1518 4169 rel

329 4206 516 4274 illustrandi
537 4206 588 4275 vel
611 4206 824 4291 comparandi
845 4227 945 4273 causa
966 4208 1169 4294 propositum
1193 4227 1273 4273 ease.
1318 4206 1428 4273 Primo
1443 4228 1517 4273 rero

329 4311 429 4376 verba
453 4311 531 4389 eius,
558 4309 744 4394 ubicunque
767 4332 785 4375 a
809 4310 1081 4394 respondentibus
1100 4310 1180 4375 locis
1199 4310 1357 4375 orationis
1370 4310 1404 4373 in
1419 4330 1517 4377 causa

329 4415 462 4480 habitae
500 4413 762 4497 discrepuerunt,
803 4420 862 4478 aut
899 4413 942 4478 ad
980 4414 1161 4500 marginem
1195 4419 1253 4479 aut
1284 4433 1384 4497 supra
1416 4413 1516 4480 lineas

334 4517 465 4583 ditionis
490 4517 740 4601 Ctesiphonteae
764 4518 931 4601 adscripta
953 4523 1043 4596 sunt,
1076 4517 1192 4582 deinde
1214 4539 1274 4601 per
1293 4516 1515 4583 librariorume
