3242 5259
612 584 829 645 „39-‚2

90 841 93 850 Ι
122 753 163 835 ἕρ
194 756 256 815 228
290 756 323 816 et
353 757 444 818 229‘2
490 750 602 837 Neque
640 751 737 817 aliter
758 753 895 818 sentire
925 754 1055 819 videtur
1085 754 1317 841 Weidnerus1)
1445 792 1449 798 -
1566 737 1569 742 ’

121 859 218 919 ratus
241 852 433 921 Aeschinem
463 854 530 920 tals
558 855 683 939 aliquid
706 854 748 921 ab
772 855 962 922 adversario
985 863 1210 943 exspectasse,
1239 860 1319 943 quia

122 962 225 1023 autea
251 960 365 1041 quavis
388 958 453 1025 alia
475 960 645 1025 occasione
667 960 701 1024 iu
723 960 927 1026 sermonibus
949 965 983 1026 et
1005 961 1135 1027 circulis
1156 984 1178 1029 a
1201 963 1318 1029 Demo·

122 1061 240 1127 sthene
255 1062 364 1129 'Siren
400 1062 585 1147 appellatus
623 1070 718 1129 essct.
764 1064 850 1144 Quid
885 1066 986 1131 vero?
1030 1065 1065 1129 Si
1098 1067 1318 1133 accusationis

122 1168 162 1251 ἕξ
185 1170 248 1231 228
278 1172 313 1231 et
333 1170 395 1232 229
425 1168 459 1232 in
492 1188 592 1232 causa
618 1166 726 1233 dictae
749 1173 874 1247 essent,
901 1188 1007 1234 nonne
1030 1168 1182 1235 dcicusor
1201 1170 1332 1239 falsam-

121 1269 305 1336 adrersarii
349 1270 569 1336 coniecturam
607 1273 687 1337 satie
725 1272 924 1355 exagitasset
958 1277 992 1337 et
1026 1273 1155 1339 acerbis
1189 1274 1318 1341 facetiis

120 1372 305 1440 illusisset?
351 1376 397 1439 Ao
419 1394 525 1439 nonne
540 1374 710 1441 Aeschinis
731 1376 816 1441 mira
837 1374 966 1441 dicendi
988 1377 1074 1442 ratio
1094 1377 1317 1445 cavillationes

124 1478 220 1561 quasi
251 1478 470 1545 concitasset?
515 1476 598 1543 Nem
628 1478 671 1545 ad
702 1478 803 1545 verba
832 1481 889 1549 aci
916 1477 979 1566 γὰρ
1009 1480 1149 1549 ἐκείνων
1169 1483 1252 1575 φησὶ
1275 1479 1318 1551 οὐ

121 1588 299 1669 κηλεῖσθαι
335 1580 415 1663 τοὺς
447 1579 682 1670 ἀκροωμένους
709 1579 776 1653 ἀλλ’
808 1579 1018 1653 ἀπόλλυσθαι
1046 1584 1112 1651 iam
1141 1584 1319 1652 scholiasta

122 1684 277 1752 adnotat:
300 1693 446 1773 γελοῖον·
469 1693 652 1775 κηλοῦνται
674 1686 749 1774 γὰρ,
772 1687 843 1755 inei
866 1684 929 1756 οὐκ
951 1684 995 1754 ἂν
1016 1690 1316 1775 προσεκαρτέρουν.

122 1790 194 1855 Nec
229 1810 306 1854 vero
345 1790 488 1874 probare
516 1810 663 1875 possum,
704 1791 790 1874 quod
819 1790 965 1856 Blassius
973 1791 1001 1875 ²)
1030 1791 1074 1857 ad
1104 1792 1316 1859 mutationem

122 1892 284 1963 accedeus
310 1893 439 1961 scribit:
470 1895 526 1962 καὶ
552 1892 615 1981 γὰρ
639 1890 692 1963 ὑπ’
717 1896 856 1963 ἐκείνων
878 1896 961 1983 φησὶ
981 1893 1060 1976 τοὺς
1080 1892 1317 1984 ἀκροωμένους

121 1992 343 2065 ἀπόλλυσθαι.
388 1996 532 2065 Primum
548 1998 631 2063 enim
647 1998 747 2064 rerba
762 1996 993 2086 coactricem
1009 2053 1016 2068 .
1033 2049 1041 2063 .
1057 2052 1065 2067 .
1081 1996 1147 2073 ἀλλ’
1167 2000 1317 2070 omnihus

122 2100 158 2165 in
190 2099 359 2166 codicibus
387 2100 510 2167 tradita
539 2107 623 2168 sunt.
668 2102 795 2169 Deinde
820 2107 931 2167 summ
952 2108 1093 2188 apparet
1113 2102 1195 2168 talia
1216 2102 1316 2169 verba

122 2203 321 2270 dubitationi
366 2204 506 2271 obnoxia
545 2227 587 2271 ne
626 2205 880 2291 interpolatores
921 2206 1051 2294 quidem
1092 2206 1314 2296 adscripsisse.

121 2307 329 2392 Quamquam
350 2308 453 2393 igitur
473 2310 512 2388 ei,
536 2310 592 2395 qui
606 2310 768 2378 Blassium
790 2310 895 2376 secuti
913 2309 1002 2377 terro
1016 2315 1162 2390 utuntur,
1186 2330 1316 2396 semper

122 2418 273 2496 erectum
290 2399 515 2497 assequentur,
535 2419 645 2479 tamen
661 2414 777 2479 miram
791 2413 882 2479 illam
896 2413 1069 2480 lectionem
1085 2411 1128 2483 οὐ
1140 2422 1316 2506 κηλεῖσθαι

121 2516 258 2583 retineri
280 2522 419 2601 oportet.
464 2520 511 2585 Ao
532 2523 621 2583 recte
643 2516 773 2603 quidem
788 2519 989 2584 recentiores
1002 2517 1104 2586 veluti
1119 2517 1314 2603 Hardtius3)

121 2610 167 2685 ad
196 2620 281 2687 hauc
303 2620 498 2705 scripturam
522 2620 764 2705 explicandam:
796 2620 979 2711 „particula
999 2618 1070 2702 oe'r“‚
1099 2622 1200 2704 aiunt,
1231 2645 1314 2704 „ncn

121 2731 192 2790 tam
214 2724 355 2809 abrupte
376 2731 514 2810 negatur
537 2746 602 2805 eos,
625 2726 681 2811 qui
704 2724 849 2805 audiant,
873 2726 1021 2791 Sirenum
1044 2732 1142 2793 cantu
1157 2725 1315 2794 delectari

123 2834 158 2893 et
179 2828 295 2916 decipi,
318 2849 416 2917 quam
437 2828 565 2895 fortiter
587 2828 795 2895 contenditur
817 2850 873 2896 eos
895 2830 1030 2913 perire“.
1074 2832 1228 2897 Attamen
1250 2832 1314 2898 hac

122 2933 251 2999 ratione
283 2939 354 2998 tota
386 2932 549 2999 sententia
579 2932 663 2999 adeo.
695 2934 803 3018 aptior
836 2955 902 2999 non
933 2932 984 3015 iit,
1018 2939 1056 2999 ut
1085 2933 1220 3000 dubium
1249 2956 1313 3001 nou

122 3036 288 3116 videatur,
319 3036 397 3125 quin
421 3035 673 3116 Demosthenes,
704 3037 731 3101 si
759 3036 793 3102 id
816 3037 1009 3117 audivisset,
1038 3058 1157 3121 magna
1180 3058 1257 3103 voce
1280 3045 1313 3104 et

123 3160 195 3207 sese
217 3146 287 3206 taur
306 3140 416 3228 inepte
438 3139 547 3207 dicere
569 3140 708 3206 voluisse
730 3146 908 3224 negaturus
925 3146 960 3206 et
974 3139 1199 3208 admoniturus
1214 3142 1314 3208 luerit

123 3266 158 3310 se
179 3245 244 3311 iam
266 3242 377 3310 miultis
398 3243 480 3309 locis
500 3243 540 3309 de
565 3243 734 3311 Aeschinis
754 3264 833 3309 voce
854 3243 1009 3323 locutum,
1032 3244 1183 3310 omnibus
1203 3251 1313 3312 autern

123 3348 159 3414 id
185 3350 291 3434 ipsum
321 3348 489 3414 hortatum
515 3368 603 3427 csse,
644 3369 684 3413 ne
715 3347 888 3414 audientes
917 3346 1106 3432 eloquentia
1133 3348 1314 3415 adversarii

124 3452 366 3519 delectarentur
388 3472 468 3517 neve
491 3452 727 3536 deciperentur.
772 3450 893 3517 Contra
912 3451 1076 3518 secundae
1089 3454 1178 3537 parti
1192 3454 1314 3519 actoris

123 3556 305 3621 sententiae
335 3555 399 3640 ipsi
425 3556 613 3641 suppositae
643 3575 778 3641 prorsus
808 3576 961 3621 assensus
990 3560 1092 3637 esset3
1122 3557 1314 3622 Aeschinem

124 3661 208 3751 cuim
238 3659 270 3725 vi
301 3658 474 3725 verborum
497 3658 644 3725 homines
666 3678 730 3725 non
753 3659 816 3725 uisi
837 3658 976 3743 perdere
998 3659 1102 3726 solere
1124 3660 1314 3744 saepissime

123 3762 275 3829 defensor
297 3768 502 3847 exposuerat.
548 3762 715 3829 Postremo
730 3762 778 3827 illi
794 3763 918 3846 gratias
933 3764 1056 3845 egisset
1068 3763 1110 3829 ob
1126 3763 1314 3845 blanditias,

122 3888 206 3955 quas
227 3868 261 3933 in
284 3867 501 3933 accusationis
523 3869 541 3953 ᾖ
565 3871 626 3933 229
649 3867 714 3952 ipsi
734 3866 878 3932 dixisset.
923 3866 1006 3933 Nam
1031 3866 1119 3952 quod
1135 3867 1316 3933 Aeschines

121 3972 161 4037 in
185 3970 394 4056 paragrapho
416 3970 476 4036 illa
495 3970 628 4037 disserit
648 3970 747 4037 talem
770 3971 1047 4055 comparationem
1069 3993 1090 4035 a
1109 3971 1180 4046 viro
1202 3971 1312 4037 invido

122 4080 157 4141 et
174 4073 359 4154 infacundo,
391 4079 456 4139 non
478 4094 498 4141 a
521 4073 738 4141 Demosthene
760 4096 795 4141 se
818 4079 1035 4159 exspectasse,
1061 4095 1157 4141 nemo
1178 4074 1313 4162 negabit

210 4336 235 4403 1)
254 4336 290 4387 A.
308 4335 337 4387 in
356 4333 397 4389 ot
417 4351 457 4388 or.
476 4334 537 4387 adn.
557 4334 592 4387 ad
610 4333 627 4405 ἕ
645 4335 704 4388 228.

209 4421 234 4489 2)
253 4420 356 4475 Aesch.
376 4438 415 4474 or.
435 4419 478 4475 ed.
497 4420 600 4475 Teubn.
620 4439 646 4490 p.
666 4422 724 4475 274.

209 4508 235 4575 3)
253 4504 298 4561 De
316 4505 466 4562 Aeschinis
482 4506 674 4563 emendatione
693 4524 721 4576 p.
739 4509 773 4563 46
791 4524 832 4577 sq.
