3242 5259
790 595 1007 655 ..18-

298 735 485 844 ddscriotat
526 742 610 825 sunt.
662 760 795 826 Illarum
838 761 1074 827 subiectionum
1111 760 1215 825 multa
1243 761 1392 845 exempla
1421 762 1487 827 iam

299 864 562 929 Wertermanuus
575 865 600 947 1)
623 865 729 947 pouit3
753 865 814 930 hus
836 872 873 929 ut
899 865 1048 949 exemplo
1064 862 1264 944 confirment,
1286 865 1374 930 hand
1390 867 1490 949 pauci

235 996 240 1011 ¹
296 967 420 1043 locum⁴
461 981 557 1051 q'uem
588 973 794 1063 tractamus,
837 967 979 1034 afferunt
1011 973 1197 1055 negantque
1231 967 1421 1033 Aeschinem
1452 969 1488 1033 in

298 1070 506 1158 accusatione
531 1070 650 1163 hahita
680 1071 783 1155 legem
806 1072 1035 1157 Dionysiacam
1064 1070 1250 1137 ullomodo
1272 1073 1489 1156 praecavisse·
1563 1152 1566 1155 ἦ

297 1172 553 1257 mirchhoffius2)
573 1176 676 1239 enirn:
705 1174 887 1255 „Sodann“,
910 1176 1026 1259 inquit,
1047 1175 1152 1255 „iehrt
1174 1175 1227 1239 die
1248 1175 1488 1259 Ver'gleichun'g

298 1256 357 1343 der
376 1276 688 1367 Demosthenischou
720 1278 933 1363 Erwiderung
963 1280 1022 1343 mit
1052 1278 1111 1343 der
1141 1278 1355 1362 Dehaudlung
1382 1279 1489 1345 dieses

297 1380 440 1469 Butuktes
463 1380 515 1447 b'ei
534 1380 708 1446 Aeschines
731 1384 749 1467 ἕ
772 1387 910 1460 stt-48,
933 1382 1009 1447 dass
1030 1382 1194 1449 entweder
1208 1382 1361 1447 letzterer
1376 1382 1487 1448 diesen

297 1484 366 1549 Teii
398 1486 504 1551 seine'r
525 1484 614 1549 Reda
632 1484 685 1550 hei
709 1484 923 1570 Geiegenheit
945 1485 1005 1551 der
1027 1485 1332 1557 Schlussredaktion
1356 1486 1412 1551 fiir
1435 1486 1511 1551 die·

297 1572 510 1672 Herausgahe
526 1588 615 1653 einer
637 1588 1184 1681 durchgreiiendenUmarheitnng
1205 1594 1400 1673 unterzogen
1419 1589 1488 1666 hat,

298 1695 352 1757 hm
387 1690 439 1757 die
469 1674 522 1758 hei
555 1692 614 1756 der
641 1688 849 1757 dffentlichen
881 1691 1122 1777 Verhandlung;
1145 1693 1295 1765 erlittene
1324 1692 1488 1779 Schlapps

295 1794 380 1871 wohl
402 1795 482 1861 oder
504 1794 580 1861 uhel
602 1817 642 1859 zu
663 1796 854 1874 verdecken,
875 1795 980 1862 uohei
997 1796 1488 1863 Demosthenes'Behtitication

295 1899 472 1982 heherzigt,
494 1898 574 1965 aber
595 1897 741 1982 augleich
761 1899 865 1965 durch
887 1902 959 1967 eine
981 1900 1197 1986 sophistische
1220 1900 1406 1967 Deduktion
1428 1924 1488 1966 uu·

295 2002 445 2069 wirksam
475 2024 514 2068 nu
547 2003 683 2067 macheu
709 2004 741 2067 in
765 2003 912 2069 ziemtich
935 2003 1184 2088 ungeschichter
1205 2004 1311 2069 Weiae
1333 2006 1488 2076 nersucht

297 2111 401 2185 utre,
431 2106 510 2171 oder
534 2106 767 2181 Demosthenes
794 2128 853 2171 vor
876 2107 1012 2172 Gericht
1042 2106 1151 2173 diesen
1169 2106 1283 2182 Ponit
1315 2128 1374 2192 gar
1396 2108 1489 2180 nicht

296 2210 375 2275 oder
405 2210 489 2276 doch
518 2211 551 2273 in
582 2230 663 2293 ganz
695 2196 834 2277 anderen
857 2210 962 2275 Weiss
991 2210 1169 2285 hehaudelt
1190 2211 1263 2290 hat,
1294 2212 1343 2278 als
1362 2212 1432 2278 dies
1453 2212 1487 2277 in

298 2314 368 2379 dem
400 2313 628 2398 vorliegenden
652 2314 755 2385 Texta
784 2303 981 2398 geschicht“.
1026 2316 1169 2395 Quarum
1200 2316 1298 2382 trium
1323 2317 1487 2381 coniectu-

295 2439 405 2483 rarum
428 2417 630 2483 Kirchhoffio
661 2418 723 2501 ipsi
757 2417 899 2483 secundo
930 2417 1002 2483 loco
1031 2418 1201 2503 proposita
1229 2436 1387 2485 summam
1419 2421 1488 2484 reri
1606 2421 1607 2502 Q

295 2524 437 2605 speciem
465 2521 589 2587 hahere
619 2520 755 2588 videtur.
801 2522 901 2586 Putat
931 2522 1015 2587 enim
1043 2521 1084 2586 de
1106 2522 1186 2587 iuris
1210 2524 1400 2605 quaestione
1422 2545 1487 2589 non

296 2645 317 2690 a
351 2625 586 2704 Demosthene,
628 2624 684 2689 sed
719 2646 739 2689 a
772 2625 983 2709 Ctesiphonte
1013 2623 1230 2709 disputatum,
1259 2627 1488 2712 paragraphus

297 2734 405 2793 autem
427 2734 489 2794 120
513 2735 546 2793 et
570 2734 626 2795 121
646 2766 688 2774 —-
704 2748 776 2798 uua,
791 2750 869 2802 curn¹
887 2728 1156 2795 antecedentibus
1178 2750 1197 2794 a
1219 2732 1237 2815 ἓ
1256 2735 1296 2797 53
1310 2732 1485 2807 -Demo-

297 2830 410 2905 sthene
439 2822 568 2897 mortuo
599 2853 618 2896 a
648 2831 820 2910 redactore
851 2831 991 2915 quodam
1023 2827 1173 2910 orationi,
1191 2854 1252 2917 pro
1276 2833 1501 2926 Ctesiphonte

296 2924 429 3001 habitae
467 2937 606 3003 insertas
637 2956 733 3012 esse..
761 2934 871 3014 Nihilo
902 2936 1008 3001 minus
1036 2958 1111 3002 enm
1140 2938 1318 3003 concedere
1348 2938 1487 3003 vidimus
1606 2997 1607 3000 ,

295 3038 412 3117 Ιοοιιιιι,
433 3059 528 3123 quem
552 3044 741 3117 tractamus,
764 3040 863 3103 etiam
883 3038 980 3105 aliter
993 3040 1149 3124 explicari
1163 3062 1268 3124 posse.
1293 3044 1357 3106 Ac
1371 3063 1488 3107 revera
1606 3027 1607 3100 ζ

297 3143 434 3226 primam
457 3141 546 3211 illam
570 3142 752 3226 explicandi
775 3142 860 3208 narn
887 3142 1070 3228 complures
1084 3144 1231 3209 homines
1247 3144 1334 3221 docti
1349 3145 1486 3229 ingressi

297 3251 380 3310 sunt.
425 3246 508 3325 Nam
524 3245 761 3329 Spengelius3),
784 3246 831 3309 vir
852 3244 906 3309 ille
929 3245 1145 3325 doctissimus,
1167 3246 1263 3325 dicit:
1289 3248 1369 3332 „Die
1384 3270 1485 3332 ganne

296 3348 396 3414 Stelle
419 3349 500 3414 iiber
524 3349 586 3415 den
608 3348 710 3436 νόμος
732 3348 956 3430 Λιονυσιακὸς
980 3355 1107 3415 35-48
1130 3349 1188 3416 hat
1210 3351 1386 3418 Aeschines
1408 3352 1486 3418 viel-

294 3453 395 3517 leicht
424 3458 498 3518 erat
520 3456 632 3537 sptiter
664 3453 712 3518 ais
741 3452 990 3541 προκατάληψις
1020 3455 1126 3519 seiner
1157 3454 1245 3519 Rede
1276 3453 1486 3539 heigegeben,

296 3555 455 3621 nachdem
477 3577 512 3621 er
531 3557 574 3621 im
593 3556 746 3621 Gorichte
763 3556 925 3637 octobrem
938 3547 1023 3621 ‘dass
1039 3557 1273 3634 Demosthenes
1289 3578 1348 3623 aus
1364 3559 1486 3624 diesem

296 3661 383 3725 aeine
404 3659 638 3744 Verteidigung
670 3660 802 3742 fiihrte3
832 3659 935 3725 daher
965 3660 1018 3725 die
1040 3660 1241 3745 Erulorum,
1273 3661 1349 3727 dass
1379 3662 1487 3727 dieser

294 3763 365 3827 hier
387 3762 482 3827 hcine
500 3763 707 3847 Anweudnug
721 3763 838 3829 findet
884 3767 991 3848 Atque
1013 3764 1100 3848 apud
1115 3763 1281 3830 Halmium
1290 3765 1329 3849 ⁴),
1353 3766 1485 3831 coinon

294 3866 375 3932 satis
406 3872 492 3943 erat,
532 3868 725 3932 seutentiam
762 3888 861 3951 supra
891 3871 934 3951 (p.
962 3869 1014 3950 ll)
1050 3870 1267 3933 examinatam
1300 3867 1486 3953 protulisse,

295 3971 451 4054 scriptum
487 3968 649 4035 videmus:
680 3971 754 4048 „Da
785 3970 845 4035 das
877 3970 1048 4055 Plaidoycr
1080 3971 1161 4035 iiber
1177 3964 1249 4036 ¹das
1283 3967 1488 4056 dionysiache

296 4129 501 4138 ..κω-..-

335 4225 1363 4299 ·Dfflhmmwmmwmmffimfflmmnffimm

383 4313 611 4384 Dhonffl
674 4334 675 4339 ¹

384 4399 613 4470 &tepor

382 4485 659 4555 Dhonffim
