3242 5259
794 591 1009 666 „aad

304 762 330 843 ὁ4
346 770 426 859 ὑμῖν
444 776 621 861 διεξῆλθον
641 772 718 853 τοὺς
741 775 816 858 περὶ
831 784 901 842 τῶν
918 772 1143 861 κηρυγμάτων
1157 763 1292 857 νόμους,
1306 761 1457 836 Reiohius
1469 764 1492 853 ¹)

303 877 391 943 haud
430 877 514 941 male
554 878 691 941 adnotat
728 898 767 942 ex
796 877 916 961 plurali
945 878 1001 941 illo
1031 875 1110 955 τοὺς
1134 930 1140 943 .
1166 930 1202 943 ..
1236 875 1361 960 νόμους
1392 876 1492 940 conici

305 1002 401 1065 posse
425 988 586 1046 oratorem
612 980 748 1045 duarum
771 980 889 1064 legum,
913 986 946 1045 et
967 981 1085 1064 prioris
1109 986 1142 1043 et
1166 979 1380 1064 Dionysiaoae
1403 978 1492 1062 legis.

303 1086 498 1151 mentionem
522 1085 644 1151 fecisse.
691 1084 754 1153 Sed
777 1085 913 1149 remotis
935 1083 986 1148 his
1010 1083 1159 1149 omnibus
1175 1086 1253 1167 quin
1268 1089 1383 1162 totum,
1407 1083 1492 1167 quod

304 1188 346 1254 ad
376 1194 520 1255 nostram
544 1195 685 1254 aetatem
709 1188 805 1267 venit,
838 1193 938 1272 caput
960 1187 1000 1252 de
1024 1207 1162 1253 coronae
1186 1187 1426 1253 'renuntiatione
1450 1187 1491 1251 ab

303 1293 462 1358 Aeschine
486 1293 573 1378 apud
587 1292 711 1357 iudices
727 1296 855 1357 oratum
872 1292 923 1370 sit,
946 1290 1089 1356 dubitari
1107 1312 1170 1356 non
1185 1297 1295 1376 potest
1309 1296 1492 1376 propterea,

303 1396 389 1480 quod
421 1402 512 1461 actor
537 1418 609 1461 oum
638 1396 802 1480 permulta
833 1395 899 1459 alia
927 1416 1055 1473 eorum,
1088 1416 1173 1477 quae
1197 1395 1431 1460 Demosthenes
1459 1396 1493 1459 in

304 1522 404 1565 causa
435 1500 583 1566 dicturus
612 1506 713 1580 esset,
745 1505 812 1564 tum
843 1498 1049 1564 adversarios
1074 1497 1115 1563 ad
1140 1498 1368 1585 Dionysiaoam
1388 1496 1493 1581 legem

302 1612 537 1688 provocaturos
554 1626 624 1671 esse
640 1604 825 1670 necessario
842 1603 971 1687 quidem
987 1609 1225 1686 praesenserat.
1262 1601 1344 1667 Nam
1362 1602 1492 1667 Aeschi-

200 1758 204 1765 .
303 1730 360 1773 nes
394 1709 577 1774 causidicus
611 1708 673 1773 fuit
706 1706 737 1771 in
765 1706 865 1773 rebus
895 1705 1079 1771 forensibus
1109 1712 1257 1773 versatus
1288 1728 1328 1772 ac
1357 1707 1493 1773 scientia

301 1813 381 1877 iuris
418 1811 596 1892 excellens,
637 1812 691 1896 qui
729 1810 857 1891 scribae
889 1810 1054 1894 quondam
1083 1832 1215 1877 munere
1245 1810 1376 1876 functus
1404 1810 1492 1893 leges

302 1917 489 2000 saepissime
519 1916 717 1981 recitaverat
746 1936 806 1979 nee
834 1936 949 1999 parum
974 1920 1177 1999 cognoverat.
1223 1915 1358 1998 Exque
1382 1920 1492 1980 autem

301 2020 369 2104 ipse
401 2020 434 2083 in
463 2020 624 2105 suggestis
653 2019 860 2098 constiterat,
890 2017 1000 2083 multis
1026 2019 1059 2082 in
1084 2018 1286 2085 orationihus
1309 2040 1372 2084 non
1396 2016 1492 2083 modo

301 2144 360 2188 sua
393 2123 602 2203 confirmans,
634 2123 691 2188 sed
714 2123 810 2189 etiam
836 2129 1045 2206 argumenta,
1072 2122 1190 2205 quihus
1214 2122 1419 2188 adversarius
1444 2109 1493 2188 uti

300 2234 419 2311 posset,
450 2249 695 2313 praeoccupans
718 2235 817 2311 atque
839 2228 934 2291 irrita
956 2226 1079 2292 iaciens
1102 2228 1205 2292 virum
1228 2228 1309 2292 iuris
1331 2234 1364 2292 et
1383 2226 1492 2312 legum

299 2332 531 2415 peritissimum
552 2353 585 2397 se
604 2332 811 2416 praebuerat.
859 2333 974 2414 ltaque
998 2353 1062 2396 non
1076 2330 1239 2414 intellego,
1264 2353 1323 2397 our
1341 2331 1492 2396 hocloco

301 2456 372 2499 curn
404 2435 665 2501 adversariorum
695 2441 888 2519 argumenta
917 2435 1092 2500 divinando
1125 2436 1284 2501 invenisse
1307 2435 1491 2520 negandum

300 2540 350 2618 sit,
374 2540 566 2624 praesertim
591 2562 664 2605 cum
680 2539 931 2605 Demosthenem
952 2538 994 2603 ad
1011 2538 1252 2624 Ctesiphontem
1269 2538 1490 2605 excusandum

299 2642 402 2725 legem
439 2644 665 2729 Dionysiaoam
707 2644 883 2709 allaturum
925 2665 1005 2725 esse,¹
1037 2643 1110 2709 aliis
1147 2662 1276 2727 qnoque
1309 2643 1492 2708 rationibus

299 2766 513 2831 praenoscere
550 2748 580 2812 ei
616 2748 739 2813 liceret.
786 2752 932 2833 Apparet
967 2748 1052 2812 enirn
1084 2748 1293 2826 Aeschinem,
1331 2769 1416 2831 quae
1448 2748 1492 2812 ab

298 2850 496 2915 adversariis
520 2859 710 2935 exspectare
733 2858 852 2935 posset,
877 2852 975 2916 etiam
997 2868 1057 2935 per
1071 2852 1194 2917 amicos
1210 2852 1375 2937 accepisse
1391 2858 1492 2934 atque

299 2954 332 3018 in
355 2955 425 3019 iure
450 2954 620 3019 audivisse.
665 2954 747 3019 Nam
772 2953 947 3020 verisimile
973 2961 1121 3020 estante
1146 2976 1277 3020 causam
1293 2961 1401 3020 aotam
1418 2978 1491 3021 eum

299 3054 340 3122 ab
374 3057 497 3123 civibus
520 3058 772 3124 Atheniensibus
796 3066 863 3123 tum
889 3080 911 3123 a
929 3058 1135 3124 multitudine
1156 3059 1337 3138 hominum,
1369 3059 1425 3143 qui
1448 3059 1492 3122 acl

297 3160 452 3226 iudicium
481 3183 498 3225 e
521 3168 598 3227 tota
616 3162 754 3228 Graecia
777 3170 995 3228 convenerant
1004 3163 1041 3246 ἲ),
1070 3161 1200 3247 publice
1224 3167 1256 3226 et
1277 3163 1429 3248 privatim
1450 3162 1492 3227 de

296 3265 353 3331 lite
377 3285 541 3330 sermones
565 3265 695 3331 habitas
718 3288 756 3331 ec
773 3266 813 3331 de
830 3268 1039 3350 argumentis,
1063 3266 1181 3351 quibus
1200 3267 1366 3349 litigantes
1382 3272 1492 3332 essent

297 3369 403 3448 usuri,
434 3370 467 3432 in
498 3374 670 3452 utramque
700 3376 827 3453 partem
855 3370 1055 3454 disputatum
1088 3392 1167 3435 esse.
1213 3368 1338 3449 Quibus
1365 3370 1398 3434 in
1422 3392 1491 3435 ser-

296 3472 445 3538 monibus
478 3473 705 3557 Dionysiacam
744 3494 873 3557 quoque
908 3474 1011 3557 legem
1040 3474 1201 3557 prolatam
1231 3474 1491 3557 Aeschinemque

295 3575 337 3640 ab
368 3576 480 3641 amicis
510 3576 549 3641 de
580 3598 618 3641 ea
645 3578 803 3642 monitum
836 3598 923 3655 esse,
957 3578 1029 3660 quis
1062 3584 1126 3657 est,
1157 3579 1213 3661 qui
1240 3579 1360 3661 neget?
1405 3579 1491 3657 Quin

296 3682 393 3745 etiarn
418 3680 458 3745 de
480 3680 666 3747 hominibus
688 3680 883 3763 quibusdam
906 3680 1099 3764 loquacibus
1122 3681 1171 3746 rel
1194 3681 1328 3765 perfidis
1350 3683 1491 3766 cogitari

294 3788 418 3867 potest,
451 3784 506 3866 qui
533 3784 760 3849 Demosthenis
792 3785 936 3850 rationes
970 3785 1011 3850 ad
1044 3785 1264 3851 adversarium
1294 3785 1492 3869 pertulerint

295 3908 440 3970 quosque
484 3887 783 3971 Westermannusss)
821 3888 962 3953 vocabat
998 3887 1323 3971 „Zwischentriiger‘t
1369 3890 1489 3969 Quam·

297 4011 394 4072 quam
426 3990 510 4054 enim
533 3989 603 4054 fieri
624 4011 689 4055 non
708 3992 826 4074 potuit,
849 3998 887 4057 ut
908 3991 1091 4075 litigantes,
1125 3993 1245 4076 quippe
1269 4013 1350 4075 quos
1373 3992 1491 4057 adrer-

295 4095 455 4159 sariorum
481 4092 615 4159 insidias
642 4099 795 4178 artesque
816 4116 931 4159 cavere
954 4116 1082 4178 semper
1104 4116 1186 4178 opus
1210 4102 1305 4173 esset,
1328 4096 1491 4160 eiusmodi

383 4356 408 4421 l)
428 4351 464 4406 D.
482 4351 528 4406 Fr.
546 4352 572 4405 d.
591 4370 650 4423 sog.
669 4370 717 4407 zw.
736 4352 805 4406 Red.
827 4354 853 4407 d.
872 4352 907 4407 R.
925 4372 952 4408 v.
971 4355 1018 4407 Kr.
1036 4373 1063 4424 p.
1081 4358 1123 4408 43.

384 4442 412 4505 2)
432 4440 472 4494 cf.
492 4438 594 4493 Aesch.
617 4457 656 4491 or.
677 4440 694 4509 ξ
712 4441 753 4493 56.
790 4439 848 4493 Oio.
868 4440 902 4516 tle
920 4444 978 4508 opt.
997 4459 1058 4510 gen.
1079 4459 1118 4494 or.
1138 4444 1162 4508 7,
1182 4443 1224 4494 22.
1261 4441 1340 4495 Brut.
1374 4444 1417 4495 89.

380 4528 407 4595 3)
426 4524 506 4578 Dem.
527 4543 566 4578 or.
586 4526 626 4579 cd.
651 4524 768 4579 Weidm.
788 4526 892 4579 introd.
909 4545 936 4595 p.
956 4529 1018 4582 11⁶..
