3242 5259
603 618 817 699 ...51¹-

203 789 289 872 Satis
307 812 435 871 constat
451 806 640 871 Aeschinem
662 828 722 869 non
741 808 836 870 modo
853 807 1000 872 Sirenum
1018 788 1303 892 comparationem,

115 911 172 975 sed
203 912 299 976 etiam
330 910 411 975 alios
442 910 530 974 locos
560 909 748 976 adversario
785 911 896 975 furtim
928 911 1110 995 abripuisse
1141 919 1173 976 et
1196 911 1303 995 figura

115 1012 292 1101 ὑποφορᾶς
315 1036 408 1081 usum
425 1014 569 1106 edendae
591 1015 728 1079 crationi
753 1013 925 1080 addidisse.
963 1014 1201 1099 Nonnunquam
1218 1016 1301 1081 enim

116 1119 265 1203 exempla
293 1118 350 1183 illa
379 1140 398 1183 a
427 1117 536 1203 pugile
560 1124 592 1183 et
622 1117 950 1202 amedicoducta1)
974 1121 1303 1198 commemoravimus,

115 1243 200 1304 qnae
223 1228 346 1286 omnes'
362 1222 460 1286 bodie
490 1222 551 1285 viri
578 1222 665 1286 docti
690 1227 834 1287 actorem
856 1223 1045 1305 neutiquam
1066 1224 1303 1307 praesagivisse

116 1331 257 1390 censent.
302 1326 365 1390 Sed
389 1326 440 1390 bis
462 1326 541 1409 ipsis
563 1324 643 1390 locis
667 1325 871 1405 SchaefernS,
903 1325 1056 1405 Blassius,
1088 1326 1241 1391 Reichins
1261 1327 1304 1391 ad

116 1430 310 1495 sententiam
333 1428 528 1495 fulciendam
558 1430 652 1493 inniti
682 1429 735 1492 vix
765 1436 917 1513 possunt,
950 1430 1101 1512 quoniam
1125 1422 1223 1495 antea
1246 1430 1303 1495 ad·

115 1533 298 1598 monuimus
335 1532 584 1598 Demosthenem
615 1534 696 1597 haec
731 1531 880 1617 exempla
919 1533 1007 1617 apud
1043 1532 1167 1599 iudices
1203 1533 1304 1599 allata

116 1637 150 1701 iu
173 1636 299 1702 edenda
321 1637 468 1701 oratione
490 1638 620 1703 minime
642 1636 804 1714 omisisse,
837 1636 894 1701 sed
917 1637 1038 1702 eisdem
1070 1636 1178 1703 verbis
1200 1660 1304 1717 usum,

117 1761 201 1823 quae
231 1741 265 1805 in
294 1762 392 1805 cansa
424 1740 632 1819 adhibuerat,
662 1742 696 1804 in
727 1746 914 1806 contextum
947 1742 1109 1825 recepisse
1119 1741 1155 1826 2).
1200 1743 1304 1821 Quam

118 1866 186 1907 rem
211 1865 249 1909 eo
273 1844 376 1927 magis
399 1844 583 1928 praedicari
606 1850 744 1928 oportet,
772 1844 858 1927 quod
881 1844 963 1909 haec
981 1844 1081 1910 verba
1101 1845 1190 1910 band
1212 1866 1305 1911 secus

118 1968 157 2012 ac
180 1948 329 2013 Sirenum
353 1948 553 2032 comparatio
584 1970 603 2011 a
626 1969 725 2014 causa
754 1948 826 2032 ipsa
856 1948 963 2013 aliena
991 1953 1075 2013 sunt.
1121 1948 1213 2028 Quod
1243 1948 1305 2013 nisi

119 2051 270 2116 defensor
302 2052 399 2116 auxia
428 2050 485 2115 illa
514 2072 593 2116 cura
623 2052 755 2131 luisset,
786 2072 884 2134 quam
916 2050 1110 2117 Schaelerus
1139 2053 1305 2135 ceterique

119 2155 162 2220 ab
179 2176 217 2220 eo
241 2155 439 2233 abiudicant,
461 2176 522 2219 nec
540 2154 718 2235 habuisset,
742 2176 799 2220 cur
816 2154 963 2220 consulto
978 2154 1037 2220 hos
1050 2156 1141 2220 locos
1159 2161 1306 2240 praeter·

119 2260 248 2324 mittere
261 2258 436 2338 dubitaret,
454 2280 513 2323 neo
532 2258 640 2323 facere
655 2260 772 2342 potuit,
788 2260 866 2343 quin
882 2259 1039 2323 memoria
1054 2258 1165 2343 lapsus
1177 2258 1305 2324 silentio

119 2383 174 2427 eos
190 2362 394 2447 praeteriret.
428 2362 492 2427 Sed
513 2383 551 2427 eo
573 2363 644 2446 ipso
660 2362 803 2441 consilio,
826 2383 865 2426 ne
887 2362 950 2427 sibi
965 2364 1093 2427 crimini
1114 2368 1305 2442 verteretur,

118 2466 206 2549 qnod
245 2467 276 2530 in
314 2468 489 2532 maximam
518 2467 697 2531 orationem
735 2466 892 2531 edendam
931 2487 995 2531 non
1025 2467 1105 2532 satis
1134 2465 1306 2549 diligenter

117 2571 299 2649 institisset,
330 2570 430 2635 verba
459 2570 517 2635 illa
542 2590 617 2634 are
641 2570 756 2644 aliena,
784 2569 932 2653 quaeda
959 2570 1094 2651 medico,
1125 2570 1165 2636 de
1188 2570 1306 2656 pugile,

119 2673 160 2738 de
183 2674 330 2740 Sirenum
357 2680 455 2740 cantu
477 2674 610 2754 fecerat,
634 2695 697 2739 nnn
719 2674 835 2740 omisit.

207 2780 283 2843 Sine
307 2778 405 2844 dubio
429 2783 537 2843 autem
561 2798 699 2860 aequum
725 2783 775 2843 est
796 2798 856 2842 nos
879 2798 942 2842 non
965 2777 1068 2843 solnm
1091 2776 1309 2843 subiectiones

118 2888 235 2965 postea
264 2882 462 2965 adscriptas,
492 2882 547 2947 sed
572 2883 669 2946 otiam
700 2900 794 2945 veras
816 2882 1129 2966 praeoccupationes
1151 2882 1183 2945 in
1207 2903 1306 2947 causa

119 2984 266 3068 prolatas
297 2986 512 3069 perscrutari,
550 3006 621 3050 cum
652 2986 684 3048 in
715 2986 899 3050 universnm
930 2984 1137 3050 statuendum
1171 2985 1214 3049 sit
1244 2984 1307 3049 De·

119 3089 322 3153 mosthenem
350 3089 436 3174 apud
466 3088 622 3153 beliastas
653 3093 689 3153 nt
719 3088 760 3153 ad
785 3093 895 3152 cetera
917 3088 1084 3153 Aeschinis
1106 3094 1308 3173 argumenta,

119 3193 167 3255 sic
198 3192 239 3257 ad
269 3193 518 3277 anticipationes
550 3193 618 3257 eius
650 3192 872 3277 respondisse,
901 3192 968 3256 sive
991 3192 1197 3258 adversarius
1219 3198 1308 3256 recte

108 3296 189 3359 ‘sive
219 3317 390 3380 perperam
421 3298 674 3381 praesagiverat.
720 3298 809 3375 Quae
834 3317 905 3360 oum
934 3296 982 3359 ita
1013 3296 1093 3375 sint,
1125 3295 1215 3359 haud
1241 3295 1308 3359 scio

120 3421 163 3463 an
189 3402 260 3481 quis
292 3406 402 3485 speret
430 3422 465 3465 se
496 3422 556 3485 per
578 3400 854 3484 comparationem
882 3399 998 3464 borum
1027 3401 1141 3464 saltem
1163 3399 1307 3464 locorum

119 3491 291 3586 utriusque
322 3504 479 3569 orationis
509 3504 743 3587 indiligentiam
770 3503 934 3586 quandam
958 3502 1137 3568 defensoris
1165 3504 1309 3587 reperire

119 3627 226 3690 posse.
272 3607 340 3688 Ego
372 3608 522 3671 nimirum
553 3628 742 3691 persuasum
767 3607 873 3671 habeo
898 3628 1024 3685 omnes,
1053 3608 1108 3689 qui
1132 3606 1309 3685 Schaeferi,
1404 3643 1406 3652 ·

120 3708 232 3788 Blasii,
263 3710 389 3775 Reicbii
414 3711 606 3775 senteutiam
638 3717 828 3793 sequuntur,
858 3710 920 3774 bac
952 3731 1081 3793 qnoque
1112 3711 1163 3775 via
1193 3732 1308 3794 parum

118 3832 333 3896 processuros
355 3834 434 3879 esse.

209 3917 277 3981 lam
307 3938 384 3981 vero
415 3918 456 3982 ad
490 3918 602 4000 viginti
637 3916 853 3983 accusationis
884 3916 1101 3983 subiectiones
1139 3922 1309 4001 quattuor·

121 4020 225 4083 decim
265 4025 392 4085 tantum
431 4021 626 4087 defensionis
662 4021 726 4085 loci
765 4022 937 4103 pertinent.
997 4022 1186 4104 Congrunnt
1224 4021 1308 4085 enim

120 4124 208 4187 inter
241 4144 275 4187 se
307 4125 463 4189 orationis
490 4125 688 4189 Aeschineae
718 4126 734 4207 ξ
767 4131 804 4187 17
837 4130 870 4187 et
899 4124 1310 4208 Demosthenicae§112;

122 4226 238 4291 Aesch.
277 4229 294 4313 ἓ
326 4232 366 4293 35
396 4249 465 4312 sqq.
496 4260 539 4281 =
569 4228 658 4292 Dem.
692 4229 709 4311 ᾗ
746 4232 825 4307 121;
871 4226 983 4292 Aesoh.
1017 4229 1034 4311 ᾗ
1069 4233 1109 4293 84
1143 4260 1186 4283 =
1219 4229 1310 4292 Dem.

122 4386 330 4395 ...ι-μ...-

212 4470 236 4535 1)
259 4468 300 4522 cf.
319 4468 422 4523 Aesoh.
441 4486 480 4522 or.
499 4468 533 4539 §5
554 4471 603 4522 189
621 4474 649 4523 et
666 4470 725 4523 225.

212 4557 239 4623 2)
259 4555 299 4609 of.
320 4554 400 4609 Dem.
420 4574 458 4609 or.
477 4554 511 4624 ἐξ
529 4556 580 4609 243
599 4560 626 4607 et
643 4558 702 4609 319.
